
<record>
  <leader>02355cam a2200349 i 4500</leader>
  <controlfield tag="001">20366687</controlfield>
  <controlfield tag="005">20200103192108.0</controlfield>
  <controlfield tag="008">180222s2018    nyua          000 0 eng  </controlfield>
  <datafield tag="906" ind1=" " ind2=" ">
    <subfield code="a">7</subfield>
    <subfield code="b">cbc</subfield>
    <subfield code="c">orignew</subfield>
    <subfield code="d">1</subfield>
    <subfield code="e">ecip</subfield>
    <subfield code="f">20</subfield>
    <subfield code="g">y-gencatlg</subfield>
  </datafield>
  <datafield tag="925" ind1="0" ind2=" ">
    <subfield code="a">acquire</subfield>
    <subfield code="b">1 shelf copy</subfield>
    <subfield code="x">policy default</subfield>
  </datafield>
  <datafield tag="955" ind1=" " ind2=" ">
    <subfield code="b">rm13 2018-02-22</subfield>
    <subfield code="i">rm13 2018-02-22 ONIX (telework)</subfield>
    <subfield code="w">xm09 2018-02-26</subfield>
    <subfield code="a">xn16 2018-11-14 1 copy rec&apos;d., to CIP ver.</subfield>
    <subfield code="f">rm04 2019-01-14 to BCCD</subfield>
  </datafield>
  <datafield tag="010" ind1=" " ind2=" ">
    <subfield code="a">  2018007549</subfield>
  </datafield>
  <datafield tag="020" ind1=" " ind2=" ">
    <subfield code="a">9781788731577 (hardback)</subfield>
  </datafield>
  <datafield tag="020" ind1=" " ind2=" ">
    <subfield code="z">9781788731591 (United States e-book)</subfield>
  </datafield>
  <datafield tag="020" ind1=" " ind2=" ">
    <subfield code="z">9781788731584 (United Kingdom e-book)</subfield>
  </datafield>
  <datafield tag="040" ind1=" " ind2=" ">
    <subfield code="a">DLC</subfield>
    <subfield code="b">eng</subfield>
    <subfield code="c">DLC</subfield>
    <subfield code="e">rda</subfield>
    <subfield code="d">DLC</subfield>
  </datafield>
  <datafield tag="042" ind1=" " ind2=" ">
    <subfield code="a">pcc</subfield>
  </datafield>
  <datafield tag="050" ind1="0" ind2="0">
    <subfield code="a">HQ1154</subfield>
    <subfield code="b">.C773 2018</subfield>
  </datafield>
  <datafield tag="082" ind1="0" ind2="0">
    <subfield code="a">305.42</subfield>
    <subfield code="2">23</subfield>
  </datafield>
  <datafield tag="084" ind1=" " ind2=" ">
    <subfield code="a">SOC010000</subfield>
    <subfield code="2">bisacsh</subfield>
  </datafield>
  <datafield tag="110" ind1="2" ind2=" ">
    <subfield code="a">Laboria Cuboniks (Collective),</subfield>
    <subfield code="e">author.</subfield>
  </datafield>
  <datafield tag="245" ind1="1" ind2="4">
    <subfield code="a">The xenofeminist manifesto :</subfield>
    <subfield code="b">a politics for alienation /</subfield>
    <subfield code="c">Laboria Cuboniks.</subfield>
  </datafield>
  <datafield tag="264" ind1=" " ind2="1">
    <subfield code="a">Brooklyn :</subfield>
    <subfield code="b">Verso,</subfield>
    <subfield code="c">2018.</subfield>
  </datafield>
  <datafield tag="300" ind1=" " ind2=" ">
    <subfield code="a">94 pages :</subfield>
    <subfield code="b">illustrations some color ;</subfield>
    <subfield code="c">18 cm</subfield>
  </datafield>
  <datafield tag="336" ind1=" " ind2=" ">
    <subfield code="a">text</subfield>
    <subfield code="b">txt</subfield>
    <subfield code="2">rdacontent</subfield>
  </datafield>
  <datafield tag="337" ind1=" " ind2=" ">
    <subfield code="a">unmediated</subfield>
    <subfield code="b">n</subfield>
    <subfield code="2">rdamedia</subfield>
  </datafield>
  <datafield tag="338" ind1=" " ind2=" ">
    <subfield code="a">volume</subfield>
    <subfield code="b">nc</subfield>
    <subfield code="2">rdacarrier</subfield>
  </datafield>
  <datafield tag="520" ind1=" " ind2=" ">
    <subfield code="a">&quot;The real emancipatory potential of technology remains unrealised  The Xenofeminist Manifesto calls for the scaling up of feminism. Contemporary feminism, it contends, is limited by its predominant investment in local and micropolitical action. What is needed is a feminism capable of systemic intervention. The Xenofeminist Manifesto propose that such a feminism must start from a new universal--one no longer coded as cis, straight, white, and male--with Xenofeminism as its theoretical and technological platform. Drawing on queer and transfeminist theory, as well as philosophical rationalism, against nature and biological essentialism, the feminist collective Laboria Cuboniks instead invest in alienation and the anti-natural, in seizing technology and in embracing the desire for an alien future. &quot;If nature is unjust, change nature!&quot;&quot;--</subfield>
    <subfield code="c">Provided by publisher.</subfield>
  </datafield>
  <datafield tag="520" ind1=" " ind2=" ">
    <subfield code="a">&quot;This is a very short feminist manifesto, written by the collective Laboria Cuboniks. This is an anti-humanist, materialist, accelerationist manifesto originally published online at laboriacuboniks.net&quot;--</subfield>
    <subfield code="c">Provided by publisher.</subfield>
  </datafield>
  <datafield tag="650" ind1=" " ind2="0">
    <subfield code="a">Feminism.</subfield>
  </datafield>
  <datafield tag="650" ind1=" " ind2="0">
    <subfield code="a">Feminist theory.</subfield>
  </datafield>
  <datafield tag="650" ind1=" " ind2="7">
    <subfield code="a">SOCIAL SCIENCE / Feminism &amp; Feminist Theory.</subfield>
    <subfield code="2">bisacsh</subfield>
  </datafield>
</record>