
<record>
  <leader>01074cam a22002897i 4500</leader>
  <controlfield tag="001">20410717</controlfield>
  <controlfield tag="005">20200103151303.0</controlfield>
  <controlfield tag="008">171016s2016    is            000 0 hebo </controlfield>
  <datafield tag="906" ind1=" " ind2=" ">
    <subfield code="a">0</subfield>
    <subfield code="b">ibc</subfield>
    <subfield code="c">origres</subfield>
    <subfield code="d">u</subfield>
    <subfield code="e">ncip</subfield>
    <subfield code="f">20</subfield>
    <subfield code="g">y-nonroman</subfield>
  </datafield>
  <datafield tag="925" ind1="0" ind2=" ">
    <subfield code="a">acquire</subfield>
    <subfield code="b">1 shelf copy</subfield>
    <subfield code="x">policy default</subfield>
  </datafield>
  <datafield tag="955" ind1=" " ind2=" ">
    <subfield code="a">ve01</subfield>
  </datafield>
  <datafield tag="035" ind1=" " ind2=" ">
    <subfield code="a">(IsJeAIW)wb2018425325</subfield>
  </datafield>
  <datafield tag="040" ind1=" " ind2=" ">
    <subfield code="a">DLC</subfield>
    <subfield code="b">eng</subfield>
    <subfield code="c">DLC</subfield>
    <subfield code="e">rda</subfield>
  </datafield>
  <datafield tag="066" ind1=" " ind2=" ">
    <subfield code="c">(2</subfield>
  </datafield>
  <datafield tag="100" ind1="0" ind2=" ">
    <subfield code="a">Issachar Dov,</subfield>
    <subfield code="c">of Belz,</subfield>
    <subfield code="d">1948-</subfield>
  </datafield>
  <datafield tag="245" ind1="1" ind2="0">
    <subfield code="6">880-01</subfield>
    <subfield code="a">Amarot ṭehorot 5776 /</subfield>
    <subfield code="c">she-nismeʻu mipi k&quot;ḳ mara admor shliṭa.</subfield>
  </datafield>
  <datafield tag="264" ind1=" " ind2="1">
    <subfield code="6">880-02</subfield>
    <subfield code="a">[Yerushalayim?] :</subfield>
    <subfield code="b">Maʻarekhet Torot Belz,</subfield>
    <subfield code="c">777 [2016 or 2017]</subfield>
  </datafield>
  <datafield tag="300" ind1=" " ind2=" ">
    <subfield code="a">551 pages ;</subfield>
    <subfield code="c">24 cm</subfield>
  </datafield>
  <datafield tag="336" ind1=" " ind2=" ">
    <subfield code="a">text</subfield>
    <subfield code="b">txt</subfield>
    <subfield code="2">rdacontent</subfield>
  </datafield>
  <datafield tag="337" ind1=" " ind2=" ">
    <subfield code="a">unmediated</subfield>
    <subfield code="b">n</subfield>
    <subfield code="2">rdamedia</subfield>
  </datafield>
  <datafield tag="338" ind1=" " ind2=" ">
    <subfield code="a">volume</subfield>
    <subfield code="b">nc</subfield>
    <subfield code="2">rdacarrier</subfield>
  </datafield>
  <datafield tag="752" ind1=" " ind2=" ">
    <subfield code="a">Israel</subfield>
    <subfield code="d">Jerusalem.</subfield>
  </datafield>
  <datafield tag="880" ind1="0" ind2=" ">
    <subfield code="6">100-03/(2/r</subfield>
    <subfield code="a">,</subfield>
    <subfield code="c">of Belz.</subfield>
  </datafield>
  <datafield tag="880" ind1="1" ind2="0">
    <subfield code="6">245-01/(2/r</subfield>
    <subfield code="a">אמרות טהרות תשע״ו /</subfield>
    <subfield code="c">שנשמעו מפי ... אדמו״ר ... .</subfield>
  </datafield>
  <datafield tag="880" ind1=" " ind2=" ">
    <subfield code="6">260-02/(2/r</subfield>
    <subfield code="a">[ירושלים?] :</subfield>
    <subfield code="b">מערכת תורות בעלזא,</subfield>
    <subfield code="c">תשע״ז.</subfield>
  </datafield>
  <datafield tag="923" ind1=" " ind2=" ">
    <subfield code="d">20180219</subfield>
    <subfield code="n">30702</subfield>
  </datafield>
  <datafield tag="985" ind1=" " ind2=" ">
    <subfield code="e">VENDOR LOAD</subfield>
  </datafield>
</record>