
<record>
  <leader>01967cam a22003257i 4500</leader>
  <controlfield tag="001">20410746</controlfield>
  <controlfield tag="005">20200103151305.0</controlfield>
  <controlfield tag="008">170807s2016    is            000 0 hebo </controlfield>
  <datafield tag="906" ind1=" " ind2=" ">
    <subfield code="a">0</subfield>
    <subfield code="b">ibc</subfield>
    <subfield code="c">origres</subfield>
    <subfield code="d">2</subfield>
    <subfield code="e">ncip</subfield>
    <subfield code="f">20</subfield>
    <subfield code="g">y-nonroman</subfield>
  </datafield>
  <datafield tag="925" ind1="0" ind2=" ">
    <subfield code="a">acquire</subfield>
    <subfield code="b">1 shelf copy</subfield>
    <subfield code="x">policy default</subfield>
  </datafield>
  <datafield tag="955" ind1=" " ind2=" ">
    <subfield code="a">ve01 ;</subfield>
    <subfield code="b">ti40 2018-07-11 added LCCN and holding and item records</subfield>
    <subfield code="a">cd00 2018-07-11 to ASME/IJ</subfield>
  </datafield>
  <datafield tag="010" ind1=" " ind2=" ">
    <subfield code="a">  2018403453</subfield>
  </datafield>
  <datafield tag="035" ind1=" " ind2=" ">
    <subfield code="a">(IsJeAIW)wb2018423992</subfield>
  </datafield>
  <datafield tag="040" ind1=" " ind2=" ">
    <subfield code="a">DLC</subfield>
    <subfield code="b">eng</subfield>
    <subfield code="c">DLC</subfield>
    <subfield code="e">rda</subfield>
  </datafield>
  <datafield tag="066" ind1=" " ind2=" ">
    <subfield code="c">(2</subfield>
  </datafield>
  <datafield tag="130" ind1="0" ind2=" ">
    <subfield code="a">Talmud Yerushalmi.</subfield>
    <subfield code="p">Sanhedrin.</subfield>
    <subfield code="f">2016.</subfield>
  </datafield>
  <datafield tag="245" ind1="1" ind2="0">
    <subfield code="6">880-01</subfield>
    <subfield code="a">Masekhet Sanhedrin min Talmud Yerushalmi /</subfield>
    <subfield code="c">neʻerakh be-yede: Yitsḥaḳ Tsishinsḳi ; Shelomoh Yeḥiʼel Meʼir Blum.</subfield>
  </datafield>
  <datafield tag="880" ind1="1" ind2="0">
    <subfield code="6">245-01/(2/r</subfield>
    <subfield code="a">מסכת סנהדרין מן תלמוד ירושלמי :</subfield>
    <subfield code="b">עם פירוש מאור השמחה, עם תוספות ראשונים, מקורות וציונים ... תרשימים וטבלאות ובסוף הספר דקדוקי סופרים ספר המפתח /</subfield>
    <subfield code="c">נערך בידי יצחק ישראל צישינסקי ... [ואחרים. כולל בתוכו מסכת מכות מן תלמוד ירושלמי עם פירוש ארץ הצבי מאת דב פולק.</subfield>
  </datafield>
  <datafield tag="880" ind1=" " ind2=" ">
    <subfield code="6">260-02/(2/r</subfield>
    <subfield code="a">אשדוד :</subfield>
    <subfield code="b">מכון דרכי שמחה,</subfield>
    <subfield code="c">תשע״ז.</subfield>
  </datafield>
  <datafield tag="264" ind1=" " ind2="1">
    <subfield code="6">880-02</subfield>
    <subfield code="a">Ashdod :</subfield>
    <subfield code="b">Mekhon Darkhe Śimḥah, Mifʻal Talmud ha-Yerushalmi,</subfield>
    <subfield code="c">777 [2016 or 2017]</subfield>
  </datafield>
  <datafield tag="300" ind1=" " ind2=" ">
    <subfield code="a">[114], 292 pages ;</subfield>
    <subfield code="c">31 cm</subfield>
  </datafield>
  <datafield tag="336" ind1=" " ind2=" ">
    <subfield code="a">text</subfield>
    <subfield code="b">txt</subfield>
    <subfield code="2">rdacontent</subfield>
  </datafield>
  <datafield tag="337" ind1=" " ind2=" ">
    <subfield code="a">unmediated</subfield>
    <subfield code="b">n</subfield>
    <subfield code="2">rdamedia</subfield>
  </datafield>
  <datafield tag="338" ind1=" " ind2=" ">
    <subfield code="a">volume</subfield>
    <subfield code="b">nc</subfield>
    <subfield code="2">rdacarrier</subfield>
  </datafield>
  <datafield tag="520" ind1=" " ind2=" ">
    <subfield code="a">[kolel be-tokho masekhet makot min talmud yerushalmi ʻim perush erets ha-tsvi, meʼet: Dov Polaḳ] sanhedrin: ʻim tosafot rushonim, meḳorot ṿe-tsiyunim ṭarshimim ṿe-ṭavlaʼot ube-sof ha-sefer diḳduḳe sofrim sefer ha-mafteaḥ.</subfield>
  </datafield>
  <datafield tag="700" ind1="1" ind2=" ">
    <subfield code="a">Tsishinsḳi, Yitsḥaḳ Yiśraʼel.</subfield>
  </datafield>
  <datafield tag="700" ind1="1" ind2="2">
    <subfield code="a">Polaḳ, Dov Tsevi.</subfield>
    <subfield code="t">Erets ha-tsevi.</subfield>
  </datafield>
  <datafield tag="752" ind1=" " ind2=" ">
    <subfield code="a">Israel</subfield>
    <subfield code="d">Ashdod.</subfield>
  </datafield>
  <datafield tag="923" ind1=" " ind2=" ">
    <subfield code="d">20180219</subfield>
    <subfield code="n">30704</subfield>
  </datafield>
  <datafield tag="985" ind1=" " ind2=" ">
    <subfield code="e">VENDOR LOAD</subfield>
  </datafield>
</record>