
<record>
  <leader>01944cam a22003137i 4500</leader>
  <controlfield tag="001">20410753</controlfield>
  <controlfield tag="005">20200103151305.0</controlfield>
  <controlfield tag="008">170827s2016    is            000 0 hebo </controlfield>
  <datafield tag="906" ind1=" " ind2=" ">
    <subfield code="a">0</subfield>
    <subfield code="b">ibc</subfield>
    <subfield code="c">origres</subfield>
    <subfield code="d">2</subfield>
    <subfield code="e">ncip</subfield>
    <subfield code="f">20</subfield>
    <subfield code="g">y-nonroman</subfield>
  </datafield>
  <datafield tag="925" ind1="0" ind2=" ">
    <subfield code="a">acquire</subfield>
    <subfield code="b">1 shelf copy</subfield>
    <subfield code="x">policy default</subfield>
  </datafield>
  <datafield tag="955" ind1=" " ind2=" ">
    <subfield code="a">ve01</subfield>
    <subfield code="b">cd04 2018-06-06 telework added LCCN, HR, IR</subfield>
    <subfield code="a">cd00 2018-06-06 to ASME/IJ ;</subfield>
    <subfield code="a">cd06 2019-03-18 (vol. 2) to cd00 shelves</subfield>
  </datafield>
  <datafield tag="010" ind1=" " ind2=" ">
    <subfield code="a">  2017480667</subfield>
  </datafield>
  <datafield tag="035" ind1=" " ind2=" ">
    <subfield code="a">(IsJeAIW)wb2018424434</subfield>
  </datafield>
  <datafield tag="040" ind1=" " ind2=" ">
    <subfield code="a">DLC</subfield>
    <subfield code="b">eng</subfield>
    <subfield code="c">DLC</subfield>
    <subfield code="e">rda</subfield>
  </datafield>
  <datafield tag="066" ind1=" " ind2=" ">
    <subfield code="c">(2</subfield>
  </datafield>
  <datafield tag="245" ind1="0" ind2="0">
    <subfield code="6">880-01</subfield>
    <subfield code="a">Tevunot kapaṿ /</subfield>
    <subfield code="c">neʻerakh ʻal-yede: Asher Zeʼev Shreiber.</subfield>
  </datafield>
  <datafield tag="880" ind1="0" ind2="0">
    <subfield code="6">245-01/(2/r</subfield>
    <subfield code="a">תבונות כפיו :</subfield>
    <subfield code="b">בעקבות פרקי תהלים פרקים וצעדים א־כה ... ובו שלושה חלקים: הביאור: האזנה לצלילי ספר תהלים. .. התבונה: צעידה מרוממת לאור פרקי תהלים תבונותיהם והשראתם ... ויקרא שמו: אשורי האיש, ויקרא שמו: מצעד גבר, חידות מני קדם, המקור בחמשה חומשי תורה ... /</subfield>
    <subfield code="c">נערך ע״י אשר זאב שרייבר.</subfield>
  </datafield>
  <datafield tag="880" ind1=" " ind2=" ">
    <subfield code="6">260-02/(2/r</subfield>
    <subfield code="a">ביתר עלית :</subfield>
    <subfield code="b">מכון צוהר התיבה,</subfield>
    <subfield code="c">תשע״ז.</subfield>
  </datafield>
  <datafield tag="264" ind1=" " ind2="1">
    <subfield code="6">880-02</subfield>
    <subfield code="a">Betar ʻIlit :</subfield>
    <subfield code="b">Mekhon Tsohar ha-Tevah,</subfield>
    <subfield code="c">777 [2016 or 2017]</subfield>
  </datafield>
  <datafield tag="300" ind1=" " ind2=" ">
    <subfield code="a">767 pages ;</subfield>
    <subfield code="c">24 cm</subfield>
  </datafield>
  <datafield tag="336" ind1=" " ind2=" ">
    <subfield code="a">text</subfield>
    <subfield code="b">txt</subfield>
    <subfield code="2">rdacontent</subfield>
  </datafield>
  <datafield tag="337" ind1=" " ind2=" ">
    <subfield code="a">unmediated</subfield>
    <subfield code="b">n</subfield>
    <subfield code="2">rdamedia</subfield>
  </datafield>
  <datafield tag="338" ind1=" " ind2=" ">
    <subfield code="a">volume</subfield>
    <subfield code="b">nc</subfield>
    <subfield code="2">rdacarrier</subfield>
  </datafield>
  <datafield tag="520" ind1=" " ind2=" ">
    <subfield code="a">be-ʻikvot pirḳe tehilim ... u-vo 3 ḥalaḳim: ha-biʼur: haʼazanah le-tsilel sefer tehilim ḥa-tevunah: tseʼidah meromemet le-or pirḳe tehilim tevunotehem ṿe-hashraʼatam ... ṿe-yiḳare shemo: ashure ha-ish,ṿe-yiḳare shemo: mitsʼade gaver, ḥidot mine ḳedem, ha-maḳor be-ḥamishah ḥumshe torah.</subfield>
  </datafield>
  <datafield tag="700" ind1="1" ind2=" ">
    <subfield code="a">Shraiber, Asher Zeʼev.</subfield>
  </datafield>
  <datafield tag="752" ind1=" " ind2=" ">
    <subfield code="a">Israel</subfield>
    <subfield code="d">Betar ʻIlit.</subfield>
  </datafield>
  <datafield tag="952" ind1=" " ind2=" ">
    <subfield code="a">perakim 1-28</subfield>
  </datafield>
  <datafield tag="923" ind1=" " ind2=" ">
    <subfield code="d">20180219</subfield>
    <subfield code="n">30704</subfield>
    <subfield code="s">IsJeAIW</subfield>
  </datafield>
  <datafield tag="985" ind1=" " ind2=" ">
    <subfield code="e">VENDOR LOAD</subfield>
  </datafield>
</record>