
<record>
  <leader>01843cam a22003497i 4500</leader>
  <controlfield tag="001">20410802</controlfield>
  <controlfield tag="005">20200103151308.0</controlfield>
  <controlfield tag="008">170807s2016    is            000 0 hebo </controlfield>
  <datafield tag="906" ind1=" " ind2=" ">
    <subfield code="a">0</subfield>
    <subfield code="b">ibc</subfield>
    <subfield code="c">origres</subfield>
    <subfield code="d">3</subfield>
    <subfield code="e">ncip</subfield>
    <subfield code="f">20</subfield>
    <subfield code="g">y-nonroman</subfield>
  </datafield>
  <datafield tag="925" ind1="0" ind2=" ">
    <subfield code="a">acquire</subfield>
    <subfield code="b">1 shelf copy</subfield>
    <subfield code="x">policy default</subfield>
  </datafield>
  <datafield tag="955" ind1=" " ind2=" ">
    <subfield code="a">ve01 ;</subfield>
    <subfield code="b">ti40 2018-05-30 added LCCN and holding and item records</subfield>
    <subfield code="a">cd00 2018-05-30 to ASME/IJ</subfield>
  </datafield>
  <datafield tag="010" ind1=" " ind2=" ">
    <subfield code="a">  2018392262</subfield>
  </datafield>
  <datafield tag="035" ind1=" " ind2=" ">
    <subfield code="a">(IsJeAIW)wb2018424010</subfield>
  </datafield>
  <datafield tag="040" ind1=" " ind2=" ">
    <subfield code="a">DLC</subfield>
    <subfield code="b">eng</subfield>
    <subfield code="c">DLC</subfield>
    <subfield code="e">rda</subfield>
  </datafield>
  <datafield tag="066" ind1=" " ind2=" ">
    <subfield code="c">(2</subfield>
  </datafield>
  <datafield tag="100" ind1="1" ind2=" ">
    <subfield code="6">880-01</subfield>
    <subfield code="a">Kaniyevski, Hagraḥ.</subfield>
  </datafield>
  <datafield tag="880" ind1="1" ind2=" ">
    <subfield code="6">100-01/(2/r</subfield>
    <subfield code="a">קניבסקי, הגר״ח.</subfield>
  </datafield>
  <datafield tag="245" ind1="1" ind2="0">
    <subfield code="6">880-02</subfield>
    <subfield code="a">Śiaḥ ha-neḥamah /</subfield>
    <subfield code="c">she-shamaʻati ṿe-liḳaṭeti mi ... ha-Graḥ Ḳanyevsḳi ; liḳeṭ : Avraham Yeshaʻayah Shṭeinman.</subfield>
  </datafield>
  <datafield tag="880" ind1="1" ind2="0">
    <subfield code="6">245-02/(2/r</subfield>
    <subfield code="a">שיח הנחמה :</subfield>
    <subfield code="b">ביאורים פנינים וחידושים בעניני בין המצרים ומגילת איכה ... ונוסף לזה חידושים מתורת רבינו בדברים המותרים ללמוד בט&apos; באב /</subfield>
    <subfield code="c">ששמעתי ולקטתי מ ... הגר״ח קניבסקי ; ליקט אי״ש שטינמן.</subfield>
  </datafield>
  <datafield tag="880" ind1=" " ind2=" ">
    <subfield code="6">260-03/(2/r</subfield>
    <subfield code="a">בני ברק :</subfield>
    <subfield code="b">המלקט,</subfield>
    <subfield code="c">תשע״ז.</subfield>
  </datafield>
  <datafield tag="264" ind1=" " ind2="1">
    <subfield code="6">880-03</subfield>
    <subfield code="a">Bene Beraḳ :</subfield>
    <subfield code="b">ha-Melaḳet,</subfield>
    <subfield code="c">777 [2016 or 2017]</subfield>
  </datafield>
  <datafield tag="300" ind1=" " ind2=" ">
    <subfield code="a">141 pages ;</subfield>
    <subfield code="c">25 cm</subfield>
  </datafield>
  <datafield tag="336" ind1=" " ind2=" ">
    <subfield code="a">text</subfield>
    <subfield code="b">txt</subfield>
    <subfield code="2">rdacontent</subfield>
  </datafield>
  <datafield tag="337" ind1=" " ind2=" ">
    <subfield code="a">unmediated</subfield>
    <subfield code="b">n</subfield>
    <subfield code="2">rdamedia</subfield>
  </datafield>
  <datafield tag="338" ind1=" " ind2=" ">
    <subfield code="a">volume</subfield>
    <subfield code="b">nc</subfield>
    <subfield code="2">rdacarrier</subfield>
  </datafield>
  <datafield tag="520" ind1=" " ind2=" ">
    <subfield code="a">biʻurim peninim ṿe-ḥidushim be-ʻinyane ben ha-metsarim u-megilat Ekhah  ... ṿe-nosaf la-zeh ḥidushim mi-torat rabenu.</subfield>
  </datafield>
  <datafield tag="700" ind1="1" ind2=" ">
    <subfield code="a">Ḳanevsḳi, Sh. Y. Ḥ. ben Y. Y.</subfield>
    <subfield code="q">(Shemaryahu Yosef Ḥayim ben Y. Y.)</subfield>
  </datafield>
  <datafield tag="700" ind1="1" ind2=" ">
    <subfield code="6">880-04</subfield>
    <subfield code="a">Shṭainman, Avraham Yeshaʻyah.</subfield>
  </datafield>
  <datafield tag="880" ind1="1" ind2=" ">
    <subfield code="6">700-04/(2/r</subfield>
    <subfield code="a">שטינמן, אברהם ישעיהו.</subfield>
  </datafield>
  <datafield tag="752" ind1=" " ind2=" ">
    <subfield code="a">Israel</subfield>
    <subfield code="d">Bene Beraḳ.</subfield>
  </datafield>
  <datafield tag="923" ind1=" " ind2=" ">
    <subfield code="d">20180219</subfield>
    <subfield code="n">30708</subfield>
  </datafield>
  <datafield tag="985" ind1=" " ind2=" ">
    <subfield code="e">VENDOR LOAD</subfield>
  </datafield>
</record>