
<record>
  <leader>01534cam a2200397 i 4500</leader>
  <controlfield tag="001">20418709</controlfield>
  <controlfield tag="005">20200103113945.0</controlfield>
  <controlfield tag="008">180323s2018    gw       bm   001 0 eng  </controlfield>
  <datafield tag="906" ind1=" " ind2=" ">
    <subfield code="a">7</subfield>
    <subfield code="b">cbc</subfield>
    <subfield code="c">orignew</subfield>
    <subfield code="d">2</subfield>
    <subfield code="e">epcn</subfield>
    <subfield code="f">20</subfield>
    <subfield code="g">y-gencatlg</subfield>
  </datafield>
  <datafield tag="925" ind1="0" ind2=" ">
    <subfield code="a">acquire</subfield>
    <subfield code="b">1 shelf copy</subfield>
    <subfield code="x">policy default</subfield>
  </datafield>
  <datafield tag="955" ind1=" " ind2=" ">
    <subfield code="a">pc22 2018-03-23</subfield>
    <subfield code="a">xn16 2018-11-05 1 copy rec&apos;d., to USASH</subfield>
    <subfield code="a">rk09 2020-01-03 review</subfield>
    <subfield code="d">rk09 2020-01-03 to Dewey</subfield>
  </datafield>
  <datafield tag="010" ind1=" " ind2=" ">
    <subfield code="a">  2018939088</subfield>
  </datafield>
  <datafield tag="020" ind1=" " ind2=" ">
    <subfield code="a">9783110584738</subfield>
    <subfield code="q">(hardback)</subfield>
  </datafield>
  <datafield tag="020" ind1=" " ind2=" ">
    <subfield code="z">9783110591972</subfield>
    <subfield code="q">(PDF)</subfield>
  </datafield>
  <datafield tag="020" ind1=" " ind2=" ">
    <subfield code="z">9783110591705</subfield>
    <subfield code="q">(EPUB)</subfield>
  </datafield>
  <datafield tag="040" ind1=" " ind2=" ">
    <subfield code="a">DLC</subfield>
    <subfield code="b">eng</subfield>
    <subfield code="e">rda</subfield>
    <subfield code="c">DLC</subfield>
  </datafield>
  <datafield tag="042" ind1=" " ind2=" ">
    <subfield code="a">pcc</subfield>
  </datafield>
  <datafield tag="043" ind1=" " ind2=" ">
    <subfield code="a">e-gr---</subfield>
    <subfield code="a">f------</subfield>
    <subfield code="a">a-------</subfield>
  </datafield>
  <datafield tag="050" ind1="0" ind2="0">
    <subfield code="a">B438</subfield>
    <subfield code="b">.K35 2018</subfield>
  </datafield>
  <datafield tag="100" ind1="1" ind2=" ">
    <subfield code="a">Kalbarczyk, Alexander,</subfield>
    <subfield code="e">author.</subfield>
  </datafield>
  <datafield tag="245" ind1="1" ind2="0">
    <subfield code="a">Predication and ontology :</subfield>
    <subfield code="b">studies and texts on Avicennian and post-Avicennian readings of Aristotle&apos;s Categories /</subfield>
    <subfield code="c">Alexander Kalbarczyk.</subfield>
  </datafield>
  <datafield tag="264" ind1=" " ind2="1">
    <subfield code="a">Berlin :</subfield>
    <subfield code="b">De Gruyter,</subfield>
    <subfield code="c">[2018]</subfield>
  </datafield>
  <datafield tag="300" ind1=" " ind2=" ">
    <subfield code="a">xi, 344 pages ;</subfield>
    <subfield code="c">25 cm</subfield>
  </datafield>
  <datafield tag="336" ind1=" " ind2=" ">
    <subfield code="a">text</subfield>
    <subfield code="b">txt</subfield>
    <subfield code="2">rdacontent</subfield>
  </datafield>
  <datafield tag="337" ind1=" " ind2=" ">
    <subfield code="a">unmediated</subfield>
    <subfield code="b">n</subfield>
    <subfield code="2">rdamedia</subfield>
  </datafield>
  <datafield tag="338" ind1=" " ind2=" ">
    <subfield code="a">volume</subfield>
    <subfield code="b">nc</subfield>
    <subfield code="2">rdacarrier</subfield>
  </datafield>
  <datafield tag="490" ind1="0" ind2=" ">
    <subfield code="a">Scientia Graeco-Arabica,</subfield>
    <subfield code="x">1868-7172 ;</subfield>
    <subfield code="v">Band 22</subfield>
  </datafield>
  <datafield tag="500" ind1=" " ind2=" ">
    <subfield code="a">&quot;Zugl. Diss. Ruhr-Universität Bochum 2016&quot;--title page verso.</subfield>
  </datafield>
  <datafield tag="504" ind1=" " ind2=" ">
    <subfield code="a">Includes bibliographical references (pages 319-333) and indexes.</subfield>
  </datafield>
  <datafield tag="600" ind1="1" ind2="0">
    <subfield code="a">Aristotle.</subfield>
    <subfield code="t">Categoriae.</subfield>
  </datafield>
  <datafield tag="600" ind1="0" ind2="0">
    <subfield code="a">Avicenna,</subfield>
    <subfield code="d">980-1037.</subfield>
  </datafield>
  <datafield tag="650" ind1="0" ind2="0">
    <subfield code="a">Islamic philosophy</subfield>
    <subfield code="x">Greek influences.</subfield>
  </datafield>
  <datafield tag="650" ind1="0" ind2="0">
    <subfield code="a">Predicate (Logic)</subfield>
  </datafield>
  <datafield tag="650" ind1="0" ind2="0">
    <subfield code="a">Categories (Philosophy)</subfield>
  </datafield>
  <datafield tag="650" ind1="0" ind2="0">
    <subfield code="a">Ontology.</subfield>
  </datafield>
  <datafield tag="650" ind1="0" ind2="0">
    <subfield code="a">Philosophy, Arab.</subfield>
  </datafield>
</record>