
<record>
  <leader>01506cam a22002897i 4500</leader>
  <controlfield tag="001">20422033</controlfield>
  <controlfield tag="005">20200103151312.0</controlfield>
  <controlfield tag="008">180328s2016    nr       b    100 0 eng  </controlfield>
  <datafield tag="906" ind1=" " ind2=" ">
    <subfield code="a">0</subfield>
    <subfield code="b">cbc</subfield>
    <subfield code="c">orignew</subfield>
    <subfield code="d">3</subfield>
    <subfield code="e">ncip</subfield>
    <subfield code="f">20</subfield>
    <subfield code="g">y-gencatlg</subfield>
  </datafield>
  <datafield tag="925" ind1="0" ind2=" ">
    <subfield code="a">acquire</subfield>
    <subfield code="b">1 shelf copy</subfield>
    <subfield code="x">policy default</subfield>
  </datafield>
  <datafield tag="955" ind1=" " ind2=" ">
    <subfield code="b">bc14 2018-03-28 to ALAWE/A,</subfield>
    <subfield code="a">bc14 2018-03-30 (telework)(item and holding record added) to ALAWE/A/ Security Station</subfield>
    <subfield code="c">bc07 2018-06-08</subfield>
    <subfield code="d">bc07 2018-06-11</subfield>
  </datafield>
  <datafield tag="010" ind1=" " ind2=" ">
    <subfield code="a">  2017495868</subfield>
  </datafield>
  <datafield tag="040" ind1=" " ind2=" ">
    <subfield code="a">DLC</subfield>
    <subfield code="b">eng</subfield>
    <subfield code="c">DLC</subfield>
    <subfield code="e">rda</subfield>
  </datafield>
  <datafield tag="050" ind1="0" ind2="0">
    <subfield code="a">HA37.N62</subfield>
    <subfield code="b">N55 2016</subfield>
  </datafield>
  <datafield tag="110" ind1="2" ind2=" ">
    <subfield code="a">Nigerian Statistical Association.</subfield>
    <subfield code="b">Annual Conference</subfield>
    <subfield code="n">(40th</subfield>
    <subfield code="d">2016 :</subfield>
    <subfield code="c">Abuja, Nigeria)</subfield>
  </datafield>
  <datafield tag="245" ind1="1" ind2="0">
    <subfield code="a">Nigerian Statistical Association 2016 Annual Conference proceedings :</subfield>
    <subfield code="b">theme: national population and sustainable development, venue: International Conference Centre, 900 Herbert Macaulay Way, Area II, Opposite Radio House, Federal Capital Territory (FCT), Abuja : 7th to 9th September, 2016.</subfield>
  </datafield>
  <datafield tag="264" ind1=" " ind2="1">
    <subfield code="a">Abuja :</subfield>
    <subfield code="b">Nigerian Statistical Association,</subfield>
    <subfield code="c">[2016]</subfield>
  </datafield>
  <datafield tag="300" ind1=" " ind2=" ">
    <subfield code="a">xii, 827 pages :</subfield>
    <subfield code="c">30 cm</subfield>
  </datafield>
  <datafield tag="336" ind1=" " ind2=" ">
    <subfield code="a">text</subfield>
    <subfield code="b">txt</subfield>
    <subfield code="2">rdacontent</subfield>
    <subfield code="3">book</subfield>
  </datafield>
  <datafield tag="337" ind1=" " ind2=" ">
    <subfield code="a">unmediated</subfield>
    <subfield code="b">n</subfield>
    <subfield code="2">rdamedia</subfield>
    <subfield code="3">book</subfield>
  </datafield>
  <datafield tag="338" ind1=" " ind2=" ">
    <subfield code="a">volume</subfield>
    <subfield code="b">nc</subfield>
    <subfield code="2">rdacarrier</subfield>
    <subfield code="3">book</subfield>
  </datafield>
  <datafield tag="504" ind1=" " ind2=" ">
    <subfield code="a">Includes bibliographical references.</subfield>
  </datafield>
  <datafield tag="651" ind1=" " ind2="0">
    <subfield code="a">Nigeria</subfield>
    <subfield code="x">Population</subfield>
    <subfield code="v">Statistics.</subfield>
  </datafield>
  <datafield tag="650" ind1=" " ind2="0">
    <subfield code="a">Sustainable development</subfield>
    <subfield code="z">Nigeria</subfield>
    <subfield code="v">Statistics.</subfield>
  </datafield>
  <datafield tag="700" ind1="1" ind2=" ">
    <subfield code="a">Asiribo, Osebekwin Ebenezer,</subfield>
    <subfield code="e">editor.</subfield>
  </datafield>
  <datafield tag="923" ind1=" " ind2=" ">
    <subfield code="a">purchase</subfield>
    <subfield code="d">2017-12-02</subfield>
    <subfield code="n">806653</subfield>
    <subfield code="s">Hogarth Representation Limited ; 93001367</subfield>
  </datafield>
  <datafield tag="985" ind1=" " ind2=" ">
    <subfield code="e">CAORC West Africa 20171007</subfield>
  </datafield>
</record>