
<record>
  <leader>02071cam a2200445 i 4500</leader>
  <controlfield tag="001">20435686</controlfield>
  <controlfield tag="005">20200103145414.0</controlfield>
  <controlfield tag="008">171212e201709  is       b    001 0 heb  </controlfield>
  <datafield tag="906" ind1=" " ind2=" ">
    <subfield code="a">7</subfield>
    <subfield code="b">cbc</subfield>
    <subfield code="c">origres</subfield>
    <subfield code="d">2</subfield>
    <subfield code="e">ncip</subfield>
    <subfield code="f">20</subfield>
    <subfield code="g">y-nonroman</subfield>
  </datafield>
  <datafield tag="925" ind1="0" ind2=" ">
    <subfield code="a">acquire</subfield>
    <subfield code="b">1 shelf copy</subfield>
    <subfield code="x">policy default</subfield>
  </datafield>
  <datafield tag="955" ind1=" " ind2=" ">
    <subfield code="a">ve01;</subfield>
    <subfield code="b">cd04 2018-06-27 telework added LCCN, HR, IR;</subfield>
    <subfield code="a">cd00 2018-06-27 to ASME/IJ;</subfield>
    <subfield code="a">cd23 2018-09-05 to cd23 for full cat.;</subfield>
    <subfield code="i">cd23 2018-10-18 telework to Hebraic shelves;</subfield>
    <subfield code="a">cd23 2020-01-03 telework Bibframe ymey</subfield>
  </datafield>
  <datafield tag="010" ind1=" " ind2=" ">
    <subfield code="a">  2017480780</subfield>
  </datafield>
  <datafield tag="035" ind1=" " ind2=" ">
    <subfield code="a">(IsJeAIW)wb2018426816</subfield>
  </datafield>
  <datafield tag="040" ind1=" " ind2=" ">
    <subfield code="a">DLC</subfield>
    <subfield code="b">eng</subfield>
    <subfield code="e">rda</subfield>
    <subfield code="c">DLC</subfield>
  </datafield>
  <datafield tag="042" ind1=" " ind2=" ">
    <subfield code="a">pcc</subfield>
  </datafield>
  <datafield tag="050" ind1="0" ind2="0">
    <subfield code="a">BM506.M49</subfield>
    <subfield code="b">B48 2017</subfield>
  </datafield>
  <datafield tag="066" ind1=" " ind2=" ">
    <subfield code="c">(2</subfield>
  </datafield>
  <datafield tag="100" ind1="1" ind2=" ">
    <subfield code="6">880-01</subfield>
    <subfield code="a">Berman, Yeḥezḳel,</subfield>
    <subfield code="e">author.</subfield>
  </datafield>
  <datafield tag="880" ind1="1" ind2=" ">
    <subfield code="6">100-01/(2/r‏</subfield>
    <subfield code="a">‏ברמן, יחזקאל.</subfield>
  </datafield>
  <datafield tag="240" ind1="1" ind2="0">
    <subfield code="a">Beriaḥ ha-tikhon (Menaḥot)</subfield>
  </datafield>
  <datafield tag="245" ind1="1" ind2="0">
    <subfield code="6">880-02</subfield>
    <subfield code="a">Sefer Beriaḥ ha-tikhon :</subfield>
    <subfield code="b">Menaḥot : Ḳodashim, Setam, Tsitsit /</subfield>
    <subfield code="c">nikhtav ʻa. y. Yeḥezḳel b.a.a.m. ṿe-r. ha-g. R.Ḥ., sheliṭa, Berman.</subfield>
  </datafield>
  <datafield tag="880" ind1="1" ind2="0">
    <subfield code="6">245-02/(2/r‏</subfield>
    <subfield code="a">‏ספר בריח התיכון :‏</subfield>
    <subfield code="b">‏מנחות : קדשים, סת״ם, ציצית /‏</subfield>
    <subfield code="c">‏נכתב ע&quot;י יחזקאל באאמו&quot;ר הגר&quot;ח, שליט&quot;א, ברמן.</subfield>
  </datafield>
  <datafield tag="246" ind1="1" ind2="7">
    <subfield code="6">880-03</subfield>
    <subfield code="a">Beriaḥ ha-tikhon</subfield>
  </datafield>
  <datafield tag="880" ind1="1" ind2="7">
    <subfield code="6">246-03/(2/r‏</subfield>
    <subfield code="a">‏בריח התיכון</subfield>
  </datafield>
  <datafield tag="264" ind1=" " ind2="1">
    <subfield code="6">880-04</subfield>
    <subfield code="a">Yerushalayim :</subfield>
    <subfield code="b">[Yeḥezḳel Berman] ;</subfield>
    <subfield code="b">&quot;Yeshivat Mir&quot;,</subfield>
    <subfield code="c">Tishre 778 [September or October 2017]</subfield>
  </datafield>
  <datafield tag="880" ind1=" " ind2="1">
    <subfield code="6">264-04/(2/r‏</subfield>
    <subfield code="a">‏ירושלים :‏</subfield>
    <subfield code="b">‏[יחזקאל ברמן] ;‏</subfield>
    <subfield code="b">‏&quot;ישיבת מיר&quot;,‏</subfield>
    <subfield code="c">‏תשרי תשע&quot;ח.</subfield>
  </datafield>
  <datafield tag="300" ind1=" " ind2=" ">
    <subfield code="a">451 pages ;</subfield>
    <subfield code="c">25 cm</subfield>
  </datafield>
  <datafield tag="336" ind1=" " ind2=" ">
    <subfield code="a">text</subfield>
    <subfield code="b">txt</subfield>
    <subfield code="2">rdacontent</subfield>
  </datafield>
  <datafield tag="337" ind1=" " ind2=" ">
    <subfield code="a">unmediated</subfield>
    <subfield code="b">n</subfield>
    <subfield code="2">rdamedia</subfield>
  </datafield>
  <datafield tag="338" ind1=" " ind2=" ">
    <subfield code="a">volume</subfield>
    <subfield code="b">nc</subfield>
    <subfield code="2">rdacarrier</subfield>
  </datafield>
  <datafield tag="504" ind1=" " ind2=" ">
    <subfield code="a">Includes bibliographical references and index.</subfield>
  </datafield>
  <datafield tag="630" ind1="0" ind2="0">
    <subfield code="a">Talmud.</subfield>
    <subfield code="p">Menaḥot</subfield>
    <subfield code="v">Commentaries.</subfield>
  </datafield>
  <datafield tag="630" ind1="0" ind2="0">
    <subfield code="a">Talmud.</subfield>
    <subfield code="p">Ḳodashim</subfield>
    <subfield code="v">Commentaries.</subfield>
  </datafield>
  <datafield tag="650" ind1=" " ind2="0">
    <subfield code="a">Torah scrolls.</subfield>
  </datafield>
  <datafield tag="650" ind1=" " ind2="0">
    <subfield code="a">Tefillin.</subfield>
  </datafield>
  <datafield tag="650" ind1=" " ind2="0">
    <subfield code="a">Mezuzah.</subfield>
  </datafield>
  <datafield tag="650" ind1=" " ind2="0">
    <subfield code="a">Zizith.</subfield>
  </datafield>
  <datafield tag="923" ind1=" " ind2=" ">
    <subfield code="d">20180219</subfield>
    <subfield code="n">30713</subfield>
    <subfield code="s">IsJeAIW</subfield>
  </datafield>
  <datafield tag="985" ind1=" " ind2=" ">
    <subfield code="e">VENDOR LOAD</subfield>
  </datafield>
  <datafield tag="985" ind1=" " ind2=" ">
    <subfield code="a">BibframePilot2</subfield>
    <subfield code="e">20180504</subfield>
  </datafield>
</record>