
<record>
  <leader>01867cas a2200409 i 4500</leader>
  <controlfield tag="001">20446860</controlfield>
  <controlfield tag="005">20200103161320.0</controlfield>
  <controlfield tag="008">180412c20199999txufr p o     0   a0eng  </controlfield>
  <datafield tag="906" ind1=" " ind2=" ">
    <subfield code="a">7</subfield>
    <subfield code="b">cbc</subfield>
    <subfield code="c">serorig</subfield>
    <subfield code="d">2</subfield>
    <subfield code="e">ncip</subfield>
    <subfield code="f">20</subfield>
    <subfield code="g">n-oclcserc</subfield>
  </datafield>
  <datafield tag="925" ind1="0" ind2=" ">
    <subfield code="a">Acquire</subfield>
    <subfield code="x">policy default, lr 2019-12-09</subfield>
  </datafield>
  <datafield tag="955" ind1=" " ind2=" ">
    <subfield code="b">xf02 2018-04-12</subfield>
    <subfield code="j">xf02 2018-04-12</subfield>
    <subfield code="a">xf23 2019-04-26 Reminder to publisher sent</subfield>
    <subfield code="a">xf23 2019-04-27 Per publisher&apos;s request via email, publication date changed from April 2018 to November 2019</subfield>
    <subfield code="a">xf00 2019-12-09 to ISSN follow-up librarian folder</subfield>
    <subfield code="n">xf02 2020-01-03</subfield>
    <subfield code="i">xf02 2020-01-03</subfield>
  </datafield>
  <datafield tag="859" ind1="4" ind2="0">
    <subfield code="u">https://journals.tdl.org/jes/index.php/jes</subfield>
  </datafield>
  <datafield tag="010" ind1=" " ind2=" ">
    <subfield code="a">  2018200516</subfield>
  </datafield>
  <datafield tag="022" ind1="0" ind2=" ">
    <subfield code="a">2577-820X</subfield>
    <subfield code="2">1</subfield>
  </datafield>
  <datafield tag="035" ind1=" " ind2=" ">
    <subfield code="a">(OCoLC)on1031092225</subfield>
  </datafield>
  <datafield tag="040" ind1=" " ind2=" ">
    <subfield code="a">DLC</subfield>
    <subfield code="b">eng</subfield>
    <subfield code="e">rda</subfield>
    <subfield code="c">DLC</subfield>
    <subfield code="d">DLC</subfield>
  </datafield>
  <datafield tag="042" ind1=" " ind2=" ">
    <subfield code="a">pcc</subfield>
    <subfield code="a">nsdp</subfield>
  </datafield>
  <datafield tag="050" ind1="0" ind2="0">
    <subfield code="a">PN6147</subfield>
  </datafield>
  <datafield tag="082" ind1="1" ind2="0">
    <subfield code="a">809.7</subfield>
    <subfield code="2">15</subfield>
  </datafield>
  <datafield tag="222" ind1=" " ind2="4">
    <subfield code="a">The Journal of epistolary studies</subfield>
  </datafield>
  <datafield tag="245" ind1="0" ind2="4">
    <subfield code="a">The Journal of epistolary studies.</subfield>
  </datafield>
  <datafield tag="246" ind1="1" ind2=" ">
    <subfield code="a">JES</subfield>
  </datafield>
  <datafield tag="264" ind1=" " ind2="1">
    <subfield code="a">Edinburg, Texas  :</subfield>
    <subfield code="b">University of Texas Rio Grande Valley,</subfield>
    <subfield code="c">2019-</subfield>
  </datafield>
  <datafield tag="310" ind1=" " ind2=" ">
    <subfield code="a">Twice a year</subfield>
  </datafield>
  <datafield tag="336" ind1=" " ind2=" ">
    <subfield code="a">text</subfield>
    <subfield code="b">txt</subfield>
    <subfield code="2">rdacontent</subfield>
  </datafield>
  <datafield tag="337" ind1=" " ind2=" ">
    <subfield code="a">computer</subfield>
    <subfield code="b">c</subfield>
    <subfield code="2">rdamedia</subfield>
  </datafield>
  <datafield tag="338" ind1=" " ind2=" ">
    <subfield code="a">online resource</subfield>
    <subfield code="b">cr</subfield>
    <subfield code="2">rdacarrier</subfield>
  </datafield>
  <datafield tag="362" ind1="1" ind2=" ">
    <subfield code="a">Began with Vol. 1, No. 1 (2019).</subfield>
  </datafield>
  <datafield tag="520" ind1=" " ind2=" ">
    <subfield code="a">&quot;JES aims to be the premier publication venue for all scholarship epistolary, publishing quality research in all areas of letters and letter writing.&quot;</subfield>
  </datafield>
  <datafield tag="588" ind1=" " ind2=" ">
    <subfield code="a">Description based on: Vol. 1, No. 1 (2019); title from journal home page (publisher&apos;s website viewed Jan. 3, 2019).</subfield>
  </datafield>
  <datafield tag="588" ind1=" " ind2=" ">
    <subfield code="a">Latest issue consulted: Vol. 1, No. 1 (2019) (viewed Jan. 3, 2019).</subfield>
  </datafield>
  <datafield tag="650" ind1=" " ind2="0">
    <subfield code="a">Letters</subfield>
    <subfield code="v">Periodicals.</subfield>
  </datafield>
  <datafield tag="650" ind1=" " ind2="0">
    <subfield code="a">Letter writing</subfield>
    <subfield code="v">Periodicals.</subfield>
  </datafield>
  <datafield tag="710" ind1="2" ind2=" ">
    <subfield code="a">University of Texas Rio Grande Valley.</subfield>
  </datafield>
  <datafield tag="850" ind1=" " ind2=" ">
    <subfield code="a">DLC</subfield>
  </datafield>
  <datafield tag="859" ind1="4" ind2="0">
    <subfield code="u">https://journals.tdl.org/jes/index.php/jes</subfield>
    <subfield code="x">OA-J</subfield>
  </datafield>
  <datafield tag="963" ind1=" " ind2=" ">
    <subfield code="a">Gary Schneider &lt;gary.schneider@utrgv.edu&gt;</subfield>
  </datafield>
</record>