
<record>
  <leader>02511cam a2200457 i 4500</leader>
  <controlfield tag="001">20458342</controlfield>
  <controlfield tag="005">20200103102223.0</controlfield>
  <controlfield tag="008">180411s2016    ru c          000 0 rus  </controlfield>
  <datafield tag="906" ind1=" " ind2=" ">
    <subfield code="a">7</subfield>
    <subfield code="b">cbc</subfield>
    <subfield code="c">origres</subfield>
    <subfield code="d">3</subfield>
    <subfield code="e">ncip</subfield>
    <subfield code="f">20</subfield>
    <subfield code="g">y-nonroman</subfield>
  </datafield>
  <datafield tag="925" ind1="0" ind2=" ">
    <subfield code="a">acquire</subfield>
    <subfield code="b">1 shelf copy</subfield>
    <subfield code="x">policy default</subfield>
  </datafield>
  <datafield tag="955" ind1=" " ind2=" ">
    <subfield code="a">ve41</subfield>
    <subfield code="b">fc69 2018-08-30 telework to cat.</subfield>
    <subfield code="a">fe00 2019-01-29 to GS/RUS</subfield>
    <subfield code="i">fe08 2019-02-06 to CALM</subfield>
    <subfield code="a">fd33 2020-01-03 NAP Project update (IR perm loc)</subfield>
  </datafield>
  <datafield tag="010" ind1=" " ind2=" ">
    <subfield code="a">  2018399650</subfield>
  </datafield>
  <datafield tag="020" ind1=" " ind2=" ">
    <subfield code="a">9785990719552</subfield>
  </datafield>
  <datafield tag="035" ind1=" " ind2=" ">
    <subfield code="a">(RU-10917926)MKO45993</subfield>
  </datafield>
  <datafield tag="040" ind1=" " ind2=" ">
    <subfield code="a">DLC</subfield>
    <subfield code="b">eng</subfield>
    <subfield code="e">rda</subfield>
    <subfield code="c">DLC</subfield>
    <subfield code="d">DLC</subfield>
  </datafield>
  <datafield tag="042" ind1=" " ind2=" ">
    <subfield code="a">pcc</subfield>
  </datafield>
  <datafield tag="043" ind1=" " ind2=" ">
    <subfield code="a">a-aj---</subfield>
    <subfield code="a">a-ai---</subfield>
  </datafield>
  <datafield tag="050" ind1="0" ind2="0">
    <subfield code="a">DK699.32.A76</subfield>
    <subfield code="b">G75 2016</subfield>
  </datafield>
  <datafield tag="066" ind1=" " ind2=" ">
    <subfield code="c">(N</subfield>
  </datafield>
  <datafield tag="100" ind1="0" ind2=" ">
    <subfield code="a">Grigori︠a︡n, S. S.</subfield>
    <subfield code="q">(Samvel Samvelovich),</subfield>
    <subfield code="e">author.</subfield>
  </datafield>
  <datafield tag="245" ind1="1" ind2="0">
    <subfield code="6">880-01</subfield>
    <subfield code="a">Proshchaĭ, Baku ;</subfield>
    <subfield code="b">Sobranie znamenitosteĭ armi︠a︡nskogo proiskhozhdenii︠a︡ s familii︠a︡mi, ne okanchivai︠u︡shchimisi︠a︡ na &quot;i︠a︡n&quot; /</subfield>
    <subfield code="c">Samvel-Apa.</subfield>
  </datafield>
  <datafield tag="880" ind1="1" ind2="0">
    <subfield code="6">245-01/(N</subfield>
    <subfield code="a">Прощай, Баку ;</subfield>
    <subfield code="b">Собрание знаменитостей армянского происхождения с фамилиями, не оканчивающимися на &quot;ян&quot; /</subfield>
    <subfield code="c">Самвел-Апа.</subfield>
  </datafield>
  <datafield tag="250" ind1=" " ind2=" ">
    <subfield code="6">880-02</subfield>
    <subfield code="a">Izdanie tretʹe, ispravlennoe i dopolnennoe.</subfield>
  </datafield>
  <datafield tag="880" ind1=" " ind2=" ">
    <subfield code="6">250-02/(N</subfield>
    <subfield code="a">Издание третье, исправленное и дополненное.</subfield>
  </datafield>
  <datafield tag="264" ind1=" " ind2="1">
    <subfield code="6">880-03</subfield>
    <subfield code="a">Maĭkop :</subfield>
    <subfield code="b">OOO &quot;Poligraf-I︠U︡g&quot;,</subfield>
    <subfield code="c">2016.</subfield>
  </datafield>
  <datafield tag="880" ind1=" " ind2="1">
    <subfield code="6">264-03/(N</subfield>
    <subfield code="a">Майкоп :</subfield>
    <subfield code="b">ООО &quot;Полиграф-Юг&quot;,</subfield>
    <subfield code="c">2016.</subfield>
  </datafield>
  <datafield tag="300" ind1=" " ind2=" ">
    <subfield code="a">2 v. in 1 (734 pages) :</subfield>
    <subfield code="b">portraits ;</subfield>
    <subfield code="c">21 cm</subfield>
  </datafield>
  <datafield tag="336" ind1=" " ind2=" ">
    <subfield code="a">text</subfield>
    <subfield code="b">txt</subfield>
    <subfield code="2">rdacontent</subfield>
  </datafield>
  <datafield tag="337" ind1=" " ind2=" ">
    <subfield code="a">unmediated</subfield>
    <subfield code="b">n</subfield>
    <subfield code="2">rdamedia</subfield>
  </datafield>
  <datafield tag="338" ind1=" " ind2=" ">
    <subfield code="a">volume</subfield>
    <subfield code="b">nc</subfield>
    <subfield code="2">rdacarrier</subfield>
  </datafield>
  <datafield tag="500" ind1=" " ind2=" ">
    <subfield code="a">Illustrations on lining papers.</subfield>
  </datafield>
  <datafield tag="650" ind1=" " ind2="0">
    <subfield code="a">Armenians</subfield>
    <subfield code="z">Azerbaijan</subfield>
    <subfield code="z">Baku</subfield>
    <subfield code="x">History</subfield>
    <subfield code="y">20th century.</subfield>
  </datafield>
  <datafield tag="650" ind1=" " ind2="0">
    <subfield code="a">Political persecution</subfield>
    <subfield code="z">Azerbaijan</subfield>
    <subfield code="z">Baku</subfield>
    <subfield code="x">History</subfield>
    <subfield code="y">20th century.</subfield>
  </datafield>
  <datafield tag="600" ind1="1" ind2="0">
    <subfield code="a">Grigori︠a︡n, S. S.</subfield>
    <subfield code="q">(Samvel Samvelovich)</subfield>
  </datafield>
  <datafield tag="650" ind1=" " ind2="0">
    <subfield code="a">Armenians</subfield>
    <subfield code="z">Azerbaijan</subfield>
    <subfield code="z">Baku</subfield>
    <subfield code="v">Biography.</subfield>
  </datafield>
  <datafield tag="650" ind1=" " ind2="0">
    <subfield code="a">Armenians</subfield>
    <subfield code="z">Foreign countries</subfield>
    <subfield code="v">Biography.</subfield>
  </datafield>
  <datafield tag="650" ind1=" " ind2="0">
    <subfield code="a">Names, Personal</subfield>
    <subfield code="x">Armenian.</subfield>
  </datafield>
  <datafield tag="700" ind1="1" ind2="2">
    <subfield code="a">Grigori︠a︡n, S. S.</subfield>
    <subfield code="q">(Samvel Samvelovich).</subfield>
    <subfield code="t">Sobranie znamenitosteĭ armi︠a︡nskogo proiskhozhdenii︠a︡ s familii︠a︡mi, ne okanchivai︠u︡shchimisi︠a︡ na &quot;i︠a︡n.&quot;</subfield>
  </datafield>
  <datafield tag="740" ind1="0" ind2="2">
    <subfield code="a">Sobranie znamenitosteĭ armi︠a︡nskogo proiskhozhdenii︠a︡ s familii︠a︡mi, ne okanchivai︠u︡shchimisi︠a︡ na &quot;i︠a︡n.&quot;</subfield>
  </datafield>
  <datafield tag="923" ind1=" " ind2=" ">
    <subfield code="d">20180411</subfield>
    <subfield code="n">3-2018</subfield>
    <subfield code="s">Solzhenitsyn Center</subfield>
  </datafield>
  <datafield tag="985" ind1=" " ind2=" ">
    <subfield code="e">VENDOR LOAD</subfield>
  </datafield>
</record>