
<record>
  <leader>02078cam a2200517 i 4500</leader>
  <controlfield tag="001">20463137</controlfield>
  <controlfield tag="005">20200103122341.0</controlfield>
  <controlfield tag="008">180419s2018    cau           000 1 eng d</controlfield>
  <datafield tag="906" ind1=" " ind2=" ">
    <subfield code="a">7</subfield>
    <subfield code="b">cbc</subfield>
    <subfield code="c">copycat</subfield>
    <subfield code="d">2</subfield>
    <subfield code="e">ncip</subfield>
    <subfield code="f">20</subfield>
    <subfield code="g">y-gencatlg</subfield>
  </datafield>
  <datafield tag="925" ind1="0" ind2=" ">
    <subfield code="a">acquire</subfield>
    <subfield code="b">1 shelf copy</subfield>
    <subfield code="x">policy default</subfield>
  </datafield>
  <datafield tag="955" ind1=" " ind2=" ">
    <subfield code="a">pc17 2018-04-19</subfield>
    <subfield code="a">xn11 2019-02-01 1 copy rec&apos;d., to USPRLL</subfield>
    <subfield code="b">xk06 2019-02-07 z-processor</subfield>
    <subfield code="i">xk34 2019-05-16 to review</subfield>
    <subfield code="r">xk04 2019-05-17</subfield>
  </datafield>
  <datafield tag="010" ind1=" " ind2=" ">
    <subfield code="a">  2018941947</subfield>
  </datafield>
  <datafield tag="015" ind1=" " ind2=" ">
    <subfield code="a">GBB8E6958</subfield>
    <subfield code="2">bnb</subfield>
  </datafield>
  <datafield tag="016" ind1="7" ind2=" ">
    <subfield code="a">019009001</subfield>
    <subfield code="2">Uk</subfield>
  </datafield>
  <datafield tag="020" ind1=" " ind2=" ">
    <subfield code="a">9781631524516 (paperback)</subfield>
  </datafield>
  <datafield tag="020" ind1=" " ind2=" ">
    <subfield code="z">9781631524523 (ebook)</subfield>
  </datafield>
  <datafield tag="035" ind1=" " ind2=" ">
    <subfield code="a">(OCoLC)on1057363910</subfield>
  </datafield>
  <datafield tag="040" ind1=" " ind2=" ">
    <subfield code="a">SFR</subfield>
    <subfield code="b">eng</subfield>
    <subfield code="c">SFR</subfield>
    <subfield code="e">rda</subfield>
    <subfield code="d">BDX</subfield>
    <subfield code="d">JTH</subfield>
    <subfield code="d">UKMGB</subfield>
    <subfield code="d">OCLCF</subfield>
    <subfield code="d">DLC</subfield>
    <subfield code="d">DLC</subfield>
  </datafield>
  <datafield tag="042" ind1=" " ind2=" ">
    <subfield code="a">lccopycat</subfield>
  </datafield>
  <datafield tag="043" ind1=" " ind2=" ">
    <subfield code="a">n-us-la</subfield>
  </datafield>
  <datafield tag="050" ind1="0" ind2="0">
    <subfield code="a">PS3606.I48</subfield>
    <subfield code="b">C37 2018</subfield>
  </datafield>
  <datafield tag="082" ind1="0" ind2="0">
    <subfield code="a">813/.6</subfield>
    <subfield code="2">23</subfield>
  </datafield>
  <datafield tag="100" ind1="1" ind2=" ">
    <subfield code="a">Finan, Sue Ingalls,</subfield>
    <subfield code="e">author.</subfield>
  </datafield>
  <datafield tag="245" ind1="1" ind2="4">
    <subfield code="a">The cards don&apos;t lie :</subfield>
    <subfield code="b">a novel /</subfield>
    <subfield code="c">Sue Ingalls Finan.</subfield>
  </datafield>
  <datafield tag="246" ind1="3" ind2=" ">
    <subfield code="a">Cards do not lie</subfield>
  </datafield>
  <datafield tag="264" ind1=" " ind2="1">
    <subfield code="a">Berkeley, CA :</subfield>
    <subfield code="b">She Writes Press, a BookSparks imprint, a division of SparkPointStudio, LLC,</subfield>
    <subfield code="c">2018.</subfield>
  </datafield>
  <datafield tag="300" ind1=" " ind2=" ">
    <subfield code="a">ix, 355 pages ;</subfield>
    <subfield code="c">22 cm</subfield>
  </datafield>
  <datafield tag="336" ind1=" " ind2=" ">
    <subfield code="a">text</subfield>
    <subfield code="b">txt</subfield>
    <subfield code="2">rdacontent</subfield>
  </datafield>
  <datafield tag="337" ind1=" " ind2=" ">
    <subfield code="a">unmediated</subfield>
    <subfield code="b">n</subfield>
    <subfield code="2">rdamedia</subfield>
  </datafield>
  <datafield tag="338" ind1=" " ind2=" ">
    <subfield code="a">volume</subfield>
    <subfield code="b">nc</subfield>
    <subfield code="2">rdacarrier</subfield>
  </datafield>
  <datafield tag="600" ind1="1" ind2="0">
    <subfield code="a">Jackson, Andrew,</subfield>
    <subfield code="d">1767-1845</subfield>
    <subfield code="v">Fiction.</subfield>
  </datafield>
  <datafield tag="650" ind1=" " ind2="0">
    <subfield code="a">New Orleans, Battle of, New Orleans, La., 1815</subfield>
    <subfield code="v">Fiction.</subfield>
  </datafield>
  <datafield tag="650" ind1=" " ind2="0">
    <subfield code="a">Prostitutes</subfield>
    <subfield code="z">Louisiana</subfield>
    <subfield code="z">New Orleans</subfield>
    <subfield code="v">Fiction.</subfield>
  </datafield>
  <datafield tag="650" ind1=" " ind2="0">
    <subfield code="a">Creoles</subfield>
    <subfield code="z">Louisiana</subfield>
    <subfield code="v">Fiction.</subfield>
  </datafield>
  <datafield tag="650" ind1=" " ind2="0">
    <subfield code="a">Free blacks</subfield>
    <subfield code="z">Louisiana</subfield>
    <subfield code="v">Fiction.</subfield>
  </datafield>
  <datafield tag="651" ind1=" " ind2="0">
    <subfield code="a">New Orleans (La.)</subfield>
    <subfield code="v">Fiction.</subfield>
  </datafield>
  <datafield tag="600" ind1="1" ind2="7">
    <subfield code="a">Jackson, Andrew,</subfield>
    <subfield code="d">1767-1845.</subfield>
    <subfield code="2">fast</subfield>
    <subfield code="0">(OCoLC)fst00040485</subfield>
  </datafield>
  <datafield tag="611" ind1="0" ind2="7">
    <subfield code="a">New Orleans, Battle of (Louisiana : 1815)</subfield>
    <subfield code="2">fast</subfield>
    <subfield code="0">(OCoLC)fst01404363</subfield>
  </datafield>
  <datafield tag="650" ind1=" " ind2="7">
    <subfield code="a">Creoles.</subfield>
    <subfield code="2">fast</subfield>
    <subfield code="0">(OCoLC)fst00882825</subfield>
  </datafield>
  <datafield tag="650" ind1=" " ind2="7">
    <subfield code="a">Free blacks.</subfield>
    <subfield code="2">fast</subfield>
    <subfield code="0">(OCoLC)fst00933846</subfield>
  </datafield>
  <datafield tag="650" ind1=" " ind2="7">
    <subfield code="a">Prostitutes.</subfield>
    <subfield code="2">fast</subfield>
    <subfield code="0">(OCoLC)fst01079535</subfield>
  </datafield>
  <datafield tag="651" ind1=" " ind2="7">
    <subfield code="a">Louisiana.</subfield>
    <subfield code="2">fast</subfield>
    <subfield code="0">(OCoLC)fst01207035</subfield>
  </datafield>
  <datafield tag="651" ind1=" " ind2="7">
    <subfield code="a">Louisiana</subfield>
    <subfield code="z">New Orleans.</subfield>
    <subfield code="2">fast</subfield>
    <subfield code="0">(OCoLC)fst01204311</subfield>
  </datafield>
  <datafield tag="648" ind1=" " ind2="7">
    <subfield code="a">1815</subfield>
    <subfield code="2">fast</subfield>
  </datafield>
  <datafield tag="655" ind1=" " ind2="7">
    <subfield code="a">Fiction.</subfield>
    <subfield code="2">fast</subfield>
    <subfield code="0">(OCoLC)fst01423787</subfield>
  </datafield>
  <datafield tag="655" ind1=" " ind2="7">
    <subfield code="a">Historical fiction.</subfield>
    <subfield code="2">gsafd</subfield>
  </datafield>
</record>