
<record>
  <leader>03308cam a2200385 i 4500</leader>
  <controlfield tag="001">20464261</controlfield>
  <controlfield tag="005">20200103121921.0</controlfield>
  <controlfield tag="008">180417s2019    fluab    b    001 0 eng c</controlfield>
  <datafield tag="906" ind1=" " ind2=" ">
    <subfield code="a">7</subfield>
    <subfield code="b">cbc</subfield>
    <subfield code="c">orignew</subfield>
    <subfield code="d">1</subfield>
    <subfield code="e">ecip</subfield>
    <subfield code="f">20</subfield>
    <subfield code="g">y-gencatlg</subfield>
  </datafield>
  <datafield tag="925" ind1="0" ind2=" ">
    <subfield code="a">acquire</subfield>
    <subfield code="b">2 shelf copies</subfield>
    <subfield code="x">policy default (ex.)</subfield>
  </datafield>
  <datafield tag="955" ind1=" " ind2=" ">
    <subfield code="a">FUG</subfield>
    <subfield code="e">rf10 2018-04-23 (telework) to Dewey</subfield>
    <subfield code="w">xm09 2018-04-23</subfield>
    <subfield code="a">xn11 2019-06-06 1 copy rec&apos;d., to CIP ver.</subfield>
    <subfield code="f">rf06 2019-06-11 to CALM</subfield>
    <subfield code="u">rf06 2019-09-17</subfield>
  </datafield>
  <datafield tag="010" ind1=" " ind2=" ">
    <subfield code="a">  2018018739</subfield>
  </datafield>
  <datafield tag="020" ind1=" " ind2=" ">
    <subfield code="a">9781683400837</subfield>
    <subfield code="q">(cloth :</subfield>
    <subfield code="q">alk. paper)</subfield>
  </datafield>
  <datafield tag="040" ind1=" " ind2=" ">
    <subfield code="a">FUG/DLC</subfield>
    <subfield code="b">eng</subfield>
    <subfield code="c">FUG</subfield>
    <subfield code="e">rda</subfield>
    <subfield code="d">DLC</subfield>
  </datafield>
  <datafield tag="042" ind1=" " ind2=" ">
    <subfield code="a">pcc</subfield>
  </datafield>
  <datafield tag="043" ind1=" " ind2=" ">
    <subfield code="a">n-us-tn</subfield>
    <subfield code="a">n-us-ky</subfield>
  </datafield>
  <datafield tag="050" ind1="0" ind2="0">
    <subfield code="a">E78.T3</subfield>
    <subfield code="b">C86 2019</subfield>
  </datafield>
  <datafield tag="082" ind1="0" ind2="0">
    <subfield code="a">976.8/01</subfield>
    <subfield code="2">23</subfield>
  </datafield>
  <datafield tag="245" ind1="0" ind2="4">
    <subfield code="a">The Cumberland River Archaic of Middle Tennessee /</subfield>
    <subfield code="c">edited by Tanya M. Peres and Aaron Deter-Wolf.</subfield>
  </datafield>
  <datafield tag="264" ind1=" " ind2="1">
    <subfield code="a">Gainesville :</subfield>
    <subfield code="b">University of Florida Press,</subfield>
    <subfield code="c">[2019]</subfield>
  </datafield>
  <datafield tag="300" ind1=" " ind2=" ">
    <subfield code="a">xiv, 218 pages :</subfield>
    <subfield code="b">illustrations, maps ;</subfield>
    <subfield code="c">24 cm.</subfield>
  </datafield>
  <datafield tag="336" ind1=" " ind2=" ">
    <subfield code="a">text</subfield>
    <subfield code="2">rdacontent</subfield>
  </datafield>
  <datafield tag="337" ind1=" " ind2=" ">
    <subfield code="a">unmediated</subfield>
    <subfield code="2">rdamedia</subfield>
  </datafield>
  <datafield tag="338" ind1=" " ind2=" ">
    <subfield code="a">volume</subfield>
    <subfield code="2">rdacarrier</subfield>
  </datafield>
  <datafield tag="490" ind1="0" ind2=" ">
    <subfield code="a">Florida Museum of Natural History: Ripley P. Bullen series</subfield>
  </datafield>
  <datafield tag="504" ind1=" " ind2=" ">
    <subfield code="a">Includes bibliographical references (pages 185-214) and index.</subfield>
  </datafield>
  <datafield tag="505" ind1="0" ind2=" ">
    <subfield code="a">Introduction / Aaron Deter-Wolf and Tanya M. Peres -- Archaic shell-bearing site investigations in the Middle Cumberland River Valley / Aaron Deter-Wolf and Leslie Straub -- The 2010 Cumberland River survey emergency survey and archaic shell site composition in the Western Middle Cumberland River Valley / Tanya M. Peres and Aaron Deter-Wolf -- Archaeological investigations at 40DV7 / Tanya M. Peres, Aaron Deter-Wolf, Kelly L. Ledford, Joey Keasler, Ryan W. Robinson, and Andrew R. Wyatt -- Geoarchaeology and Bayesian Statistical Modeling of radiocarbon dates from 40CH171, a multicomponent shell-bearing site in Cheatham County, Tennessee / D. Shane Miller, Thaddeus G. Bissett, Tanya M. Peres, David G. Anderson, Stephen B. Carmody, and Aaron Deter-Wolf -- Investigations at the Barnes Site (40DV307) / Thaddeus G. Bissett, Stephen B. Carmody, and D. Shane Miller -- Investigations at the robinson Site (40SM4) / Dan F. Morse and Tanya M. Peres -- Reassessing middle archaic stratigraphy and chronology of the Anderson Site / Aaron Deter-Wolf and Thaddeus G. Bissett -- Modeling archaic settlement patterns and ecology in the Middle Cumberland River Valley of Tennessee / Andrew Gillreath-Brown and Aaron Deter-Wolf -- A new view of the shell-bearing archaic in the Middle Cumberland River Valley / Tanya M. Peres and Aaron Deter-Wolf.</subfield>
  </datafield>
  <datafield tag="520" ind1=" " ind2=" ">
    <subfield code="a">This book presents a major cultural phase that has been virtually overlooked in professional literature. The editors bring together discussions of recent research by themselves and others at Archaic shell-bearing sites in the western MCRV, combined with contemporary examinations of prior investigations, which until now have been difficult for scholars to access.</subfield>
  </datafield>
  <datafield tag="650" ind1=" " ind2="0">
    <subfield code="a">Indians of North America</subfield>
    <subfield code="z">Tennessee</subfield>
    <subfield code="x">Antiquities.</subfield>
  </datafield>
  <datafield tag="650" ind1=" " ind2="0">
    <subfield code="a">Indians of North America</subfield>
    <subfield code="z">Cumberland River Valley (Ky. and Tenn.)</subfield>
    <subfield code="x">Antiquities.</subfield>
  </datafield>
  <datafield tag="651" ind1=" " ind2="0">
    <subfield code="a">Cumberland River Valley (Ky. and Tenn.)</subfield>
    <subfield code="x">Antiquities.</subfield>
  </datafield>
  <datafield tag="650" ind1=" " ind2="0">
    <subfield code="a">Excavations (Archaeology)</subfield>
    <subfield code="z">Tennessee.</subfield>
  </datafield>
  <datafield tag="700" ind1="1" ind2=" ">
    <subfield code="a">Peres, Tanya M.,</subfield>
    <subfield code="e">editor.</subfield>
  </datafield>
  <datafield tag="700" ind1="1" ind2=" ">
    <subfield code="a">Deter-Wolf, Aaron,</subfield>
    <subfield code="d">1976-</subfield>
    <subfield code="e">editor.</subfield>
  </datafield>
  <datafield tag="985" ind1=" " ind2=" ">
    <subfield code="a">FUGCIP</subfield>
    <subfield code="d">2018-04-23</subfield>
  </datafield>
</record>