
<record>
  <leader>03325cam a2200409 i 4500</leader>
  <controlfield tag="001">20464265</controlfield>
  <controlfield tag="005">20200103120628.0</controlfield>
  <controlfield tag="008">180423t20192019flua     b    001 0 eng c</controlfield>
  <datafield tag="906" ind1=" " ind2=" ">
    <subfield code="a">7</subfield>
    <subfield code="b">cbc</subfield>
    <subfield code="c">orignew</subfield>
    <subfield code="d">1</subfield>
    <subfield code="e">ecip</subfield>
    <subfield code="f">20</subfield>
    <subfield code="g">y-gencatlg</subfield>
  </datafield>
  <datafield tag="925" ind1="0" ind2=" ">
    <subfield code="a">acquire</subfield>
    <subfield code="b">1 shelf copy</subfield>
    <subfield code="x">policy default</subfield>
  </datafield>
  <datafield tag="955" ind1=" " ind2=" ">
    <subfield code="a">FUG</subfield>
    <subfield code="e">rf10 2018-04-24 (telework) to Dewey</subfield>
    <subfield code="w">xm09 2018-04-24</subfield>
    <subfield code="a">xn11 2019-06-06 1 copy rec&apos;d., to CIP ver.</subfield>
    <subfield code="f">rf06 2019-06-14 (telework) to CALM</subfield>
  </datafield>
  <datafield tag="010" ind1=" " ind2=" ">
    <subfield code="a">  2018018475</subfield>
  </datafield>
  <datafield tag="020" ind1=" " ind2=" ">
    <subfield code="a">9780813056142 (cloth : alk. paper)</subfield>
  </datafield>
  <datafield tag="040" ind1=" " ind2=" ">
    <subfield code="a">FUG/DLC</subfield>
    <subfield code="b">eng</subfield>
    <subfield code="c">FUG</subfield>
    <subfield code="e">rda</subfield>
    <subfield code="d">DLC</subfield>
  </datafield>
  <datafield tag="042" ind1=" " ind2=" ">
    <subfield code="a">pcc</subfield>
  </datafield>
  <datafield tag="050" ind1="0" ind2="0">
    <subfield code="a">CC135</subfield>
    <subfield code="b">.P423 2019</subfield>
  </datafield>
  <datafield tag="082" ind1="0" ind2="0">
    <subfield code="a">907.1</subfield>
    <subfield code="2">23</subfield>
  </datafield>
  <datafield tag="245" ind1="0" ind2="0">
    <subfield code="a">Pedagogy and practice in heritage studies /</subfield>
    <subfield code="c">edited by Susan J. Bender and Phyllis Mauch Messenger ; foreword by Paul A. Shackel.</subfield>
  </datafield>
  <datafield tag="264" ind1=" " ind2="1">
    <subfield code="a">Gainesville :</subfield>
    <subfield code="b">University Press of Florida,</subfield>
    <subfield code="c">2019.</subfield>
  </datafield>
  <datafield tag="264" ind1=" " ind2="4">
    <subfield code="c">©2019</subfield>
  </datafield>
  <datafield tag="300" ind1=" " ind2=" ">
    <subfield code="a">xiv, 220 pages :</subfield>
    <subfield code="b">illustrations ;</subfield>
    <subfield code="c">24 cm.</subfield>
  </datafield>
  <datafield tag="336" ind1=" " ind2=" ">
    <subfield code="a">text</subfield>
    <subfield code="2">rdacontent</subfield>
  </datafield>
  <datafield tag="337" ind1=" " ind2=" ">
    <subfield code="a">unmediated</subfield>
    <subfield code="2">rdamedia</subfield>
  </datafield>
  <datafield tag="338" ind1=" " ind2=" ">
    <subfield code="a">volume</subfield>
    <subfield code="2">rdacarrier</subfield>
  </datafield>
  <datafield tag="490" ind1="0" ind2=" ">
    <subfield code="a">Cultural heritage studies</subfield>
  </datafield>
  <datafield tag="504" ind1=" " ind2=" ">
    <subfield code="a">Includes bibliographical references and index.</subfield>
  </datafield>
  <datafield tag="505" ind1="0" ind2=" ">
    <subfield code="a">Introduction / Susan Bender and Phyllis Messenger -- Archaeology in school: student learning outcomes / Jeanne Moe -- Archaeology in school: tapping into histories and historical inquiry / Charles S. White -- Assessing student learning in heritage studies: what does it mean for students to &quot;understand&quot; archaeological ethics?? / Alicia Ebbitt McGill -- The challenges of curriculum change and the pedagogy of public archaeology and CRM at the University of South Florida / Thomas Pluckhahn -- Teaching heritage in the field: an example from Menorca, Spain / Ricardo J. Elia, Amalia P¿rez-Juez, and Meredith Anderson -- Educating students about the modern realities of exploring ancient sites in the Middle East / Sandra Scham -- Do the homeless have heritage? Archaeology and the pedagogy of discomfort / Elizabeth Kryder-Reid -- Learning to listen / A. Gwynn Henderson and Nicolas R. Lauracuente -- Experiencing antiquity in the first person through archaeological fiction: the pedagogical opportunities of BACAB CAAS / Lewis C. Messenger, Jr -- Connecting the dots: teaching archaeology and social relevance / Shereen Lerner and Richard Effland -- Making connections in a course on food, foraging, and farming / Frances Hayashida.</subfield>
  </datafield>
  <datafield tag="520" ind1=" " ind2=" ">
    <subfield code="a">This volume challenges professors of anthropology (both practicing and aspiring) to incorporate pedagogies of engaged, critical learning into their classrooms. By showing how we can teach archaeology such that students realize that there are connections between our understandings of the past and the present, and that archaeological methods can illuminate the values of contemporary people, the case studies in this book create a framework for connecting archaeology curricula to heritage study.</subfield>
  </datafield>
  <datafield tag="650" ind1=" " ind2="0">
    <subfield code="a">Cultural property</subfield>
    <subfield code="x">Study and teaching.</subfield>
  </datafield>
  <datafield tag="650" ind1=" " ind2="0">
    <subfield code="a">National characteristics</subfield>
    <subfield code="x">Study and teaching.</subfield>
  </datafield>
  <datafield tag="650" ind1=" " ind2="0">
    <subfield code="a">History</subfield>
    <subfield code="x">Study and teaching.</subfield>
  </datafield>
  <datafield tag="650" ind1=" " ind2="0">
    <subfield code="a">Historic preservation</subfield>
    <subfield code="x">Study and teaching.</subfield>
  </datafield>
  <datafield tag="650" ind1=" " ind2="0">
    <subfield code="a">Cultural property</subfield>
    <subfield code="x">Protection.</subfield>
  </datafield>
  <datafield tag="700" ind1="1" ind2=" ">
    <subfield code="a">Bender, Susan J.,</subfield>
    <subfield code="e">editor.</subfield>
  </datafield>
  <datafield tag="700" ind1="1" ind2=" ">
    <subfield code="a">Messenger, Phyllis Mauch,</subfield>
    <subfield code="d">1950-</subfield>
    <subfield code="e">editor.</subfield>
  </datafield>
  <datafield tag="700" ind1="1" ind2=" ">
    <subfield code="a">Shackel, Paul A.,</subfield>
    <subfield code="e">author of foreword.</subfield>
  </datafield>
  <datafield tag="985" ind1=" " ind2=" ">
    <subfield code="a">FUGCIP</subfield>
    <subfield code="d">2018-04-23</subfield>
  </datafield>
</record>