
<record>
  <leader>02834cam a2200421 i 4500</leader>
  <controlfield tag="001">20466314</controlfield>
  <controlfield tag="005">20200103151528.0</controlfield>
  <controlfield tag="008">180413s2017    gw a     b    000 0dger d</controlfield>
  <datafield tag="906" ind1=" " ind2=" ">
    <subfield code="a">7</subfield>
    <subfield code="b">cbc</subfield>
    <subfield code="c">copycat</subfield>
    <subfield code="d">2</subfield>
    <subfield code="e">ncip</subfield>
    <subfield code="f">20</subfield>
    <subfield code="g">y-gencatlg</subfield>
  </datafield>
  <datafield tag="925" ind1="0" ind2=" ">
    <subfield code="a">acquire</subfield>
    <subfield code="b">1 shelf copy</subfield>
    <subfield code="x">policy default</subfield>
  </datafield>
  <datafield tag="955" ind1=" " ind2=" ">
    <subfield code="a">vl34 2018-06-04 z-client</subfield>
    <subfield code="b">vl34 2018-06-04</subfield>
    <subfield code="i">vl31 2019-06-14 telework</subfield>
    <subfield code="a">vl34 2020-01-03 to Dewey</subfield>
  </datafield>
  <datafield tag="955" ind1=" " ind2=" ">
    <subfield code="a">ve21 2017-04-20</subfield>
    <subfield code="a">fd10 2018-05-16</subfield>
  </datafield>
  <datafield tag="010" ind1=" " ind2=" ">
    <subfield code="a">  2018369970</subfield>
  </datafield>
  <datafield tag="016" ind1="7" ind2=" ">
    <subfield code="a">1132147697</subfield>
    <subfield code="2">GyFmDB</subfield>
  </datafield>
  <datafield tag="020" ind1=" " ind2=" ">
    <subfield code="a">9783867291934</subfield>
    <subfield code="q">(pbk.)</subfield>
  </datafield>
  <datafield tag="020" ind1=" " ind2=" ">
    <subfield code="a">3867291934</subfield>
    <subfield code="q">(pbk.)</subfield>
  </datafield>
  <datafield tag="024" ind1="3" ind2=" ">
    <subfield code="a">9783867291934</subfield>
  </datafield>
  <datafield tag="035" ind1=" " ind2=" ">
    <subfield code="a">(OCoLC)on1004660517</subfield>
  </datafield>
  <datafield tag="035" ind1=" " ind2=" ">
    <subfield code="a">(OCoLC)1004660517</subfield>
  </datafield>
  <datafield tag="040" ind1=" " ind2=" ">
    <subfield code="a">OHX</subfield>
    <subfield code="b">eng</subfield>
    <subfield code="c">OHX</subfield>
    <subfield code="d">OCLCO</subfield>
    <subfield code="d">STF</subfield>
    <subfield code="d">OCLCO</subfield>
    <subfield code="d">OCLCF</subfield>
    <subfield code="d">HMU</subfield>
    <subfield code="d">DLC</subfield>
  </datafield>
  <datafield tag="042" ind1=" " ind2=" ">
    <subfield code="a">lccopycat</subfield>
  </datafield>
  <datafield tag="050" ind1="0" ind2="0">
    <subfield code="a">ML1729.8.L42</subfield>
    <subfield code="b">M87 2017</subfield>
  </datafield>
  <datafield tag="072" ind1=" " ind2="7">
    <subfield code="a">ML</subfield>
    <subfield code="2">lcco</subfield>
  </datafield>
  <datafield tag="100" ind1="1" ind2=" ">
    <subfield code="a">Sonne, Günter,</subfield>
    <subfield code="d">1944-</subfield>
  </datafield>
  <datafield tag="245" ind1="1" ind2="0">
    <subfield code="a">Musikstadt Leipzig :</subfield>
    <subfield code="b">zur Geschichte Leipziger Vokal-Quartette /</subfield>
    <subfield code="c">von Günter Sonne.</subfield>
  </datafield>
  <datafield tag="250" ind1=" " ind2=" ">
    <subfield code="a">1. Auflage.</subfield>
  </datafield>
  <datafield tag="260" ind1=" " ind2=" ">
    <subfield code="a">Beucha :</subfield>
    <subfield code="b">Sax-Verlag,</subfield>
    <subfield code="c">2017.</subfield>
  </datafield>
  <datafield tag="300" ind1=" " ind2=" ">
    <subfield code="a">216 pages :</subfield>
    <subfield code="b">illustrations (some color) ;</subfield>
    <subfield code="c">21 cm.</subfield>
  </datafield>
  <datafield tag="490" ind1="1" ind2=" ">
    <subfield code="a">Leipziger Hefte ;</subfield>
    <subfield code="v">Band 20</subfield>
  </datafield>
  <datafield tag="504" ind1=" " ind2=" ">
    <subfield code="a">Includes bibliographical references.</subfield>
  </datafield>
  <datafield tag="505" ind1="0" ind2="0">
    <subfield code="g">Einleitung --</subfield>
    <subfield code="t">Leipzig, die Wiege des deutschsprachigen bürgerlichen Singspiels --</subfield>
    <subfield code="t">A-cappella-Gesang --</subfield>
    <subfield code="t">Leipzigs Musikkultur an der Wende vom 19. zum 20. Jahrhundert --</subfield>
    <subfield code="t">Die Leipziger humoristischen Herren-Sänger-Gesellschaften --</subfield>
    <subfield code="t">Die hohe Zeit des Chorgesangs --</subfield>
    <subfield code="t">Das A-cappella-Soloquartett --</subfield>
    <subfield code="t">Das A-cappella-Männerquartett --</subfield>
    <subfield code="t">Das Männer-Soloquartett &quot;Mendelssohn&quot; --</subfield>
    <subfield code="t">Das &quot;Kirchl-Quartett&quot; und weitere Quartette --</subfield>
    <subfield code="t">Das Leipziger Damen Vokal-Quartett (1903-1908) --</subfield>
    <subfield code="t">Das gemischte A-cappella-Soloquartett --</subfield>
    <subfield code="t">Das &quot;Soloquartett für Kirchengesang&quot; --</subfield>
    <subfield code="t">Die gemischten Leipziger Vokalquartette --</subfield>
    <subfield code="t">Das Leipziger Vokal-Quartett (1903-1905) --</subfield>
    <subfield code="t">Das Leipziger Vokal-Quartett (1909-1938) --</subfield>
    <subfield code="t">Das Leipziger Vokal-Quartett in Leipzigs Musikleben --</subfield>
    <subfield code="t">Die Gründung des Leipziger Vokal-Quartetts e V. --</subfield>
    <subfield code="t">Konzerte des Leipziger Vokal-Quartetts --</subfield>
    <subfield code="t">Repertoire --</subfield>
    <subfield code="t">Diskografie --</subfield>
    <subfield code="t">Das Ende des Leipziger Vokal-Quartetts e. V --</subfield>
    <subfield code="t">Der weitere Weg nach 1945 --</subfield>
    <subfield code="t">Die Leipziger Siegenbachschen Vokal-Quartette (1922-1929) --</subfield>
    <subfield code="t">Aus dem Rundfunkchor hervorgegangen : Vokalquartette der 1950er bis 1990er Jahre --</subfield>
    <subfield code="t">Das Leipziger Vokalquartett 2014 --</subfield>
    <subfield code="g">Anhang --</subfield>
    <subfield code="g">Nachbetrachtungen --</subfield>
    <subfield code="g">Zusammenfassung --</subfield>
    <subfield code="g">Personenregister --</subfield>
    <subfield code="g">Personenregister mit biografischen Daten --</subfield>
    <subfield code="g">Anmerkungen --</subfield>
    <subfield code="g">Danksagung --</subfield>
    <subfield code="g">Zum Autor.</subfield>
  </datafield>
  <datafield tag="650" ind1=" " ind2="0">
    <subfield code="a">Vocal music</subfield>
    <subfield code="z">Germany</subfield>
    <subfield code="z">Leipzig</subfield>
    <subfield code="x">History and criticism.</subfield>
  </datafield>
  <datafield tag="650" ind1=" " ind2="0">
    <subfield code="a">Vocal quartets (Musical groups)</subfield>
    <subfield code="z">Germany</subfield>
    <subfield code="z">Leipzig</subfield>
    <subfield code="x">History.</subfield>
  </datafield>
  <datafield tag="650" ind1=" " ind2="0">
    <subfield code="a">Opera</subfield>
    <subfield code="z">Germany</subfield>
    <subfield code="z">Leipzig.</subfield>
  </datafield>
  <datafield tag="650" ind1=" " ind2="0">
    <subfield code="a">Singspiel.</subfield>
  </datafield>
  <datafield tag="830" ind1=" " ind2="0">
    <subfield code="a">Einspruch (Leipzig, Germany) ;</subfield>
    <subfield code="v">Band 20.</subfield>
  </datafield>
  <datafield tag="923" ind1=" " ind2=" ">
    <subfield code="d">20180417</subfield>
    <subfield code="n">0168740</subfield>
    <subfield code="s">GyWOH</subfield>
  </datafield>
  <datafield tag="985" ind1=" " ind2=" ">
    <subfield code="e">VENDOR LOAD</subfield>
  </datafield>
</record>