
<record>
  <leader>02699cam a2200409 i 4500</leader>
  <controlfield tag="001">20477841</controlfield>
  <controlfield tag="005">20200103143721.0</controlfield>
  <controlfield tag="008">180501s2017    ai d     b    000 0 rus d</controlfield>
  <datafield tag="906" ind1=" " ind2=" ">
    <subfield code="a">7</subfield>
    <subfield code="b">cbc</subfield>
    <subfield code="c">copycat</subfield>
    <subfield code="d">2</subfield>
    <subfield code="e">ncip</subfield>
    <subfield code="f">20</subfield>
    <subfield code="g">y-gencatlg</subfield>
  </datafield>
  <datafield tag="925" ind1="0" ind2=" ">
    <subfield code="a">Acquire</subfield>
    <subfield code="b">1 shelf copy</subfield>
    <subfield code="x">policy default</subfield>
  </datafield>
  <datafield tag="955" ind1=" " ind2=" ">
    <subfield code="b">cd16 2018-05-01</subfield>
    <subfield code="a">cd00 2018-07-13 to ASME/IJ</subfield>
    <subfield code="b">cd24 2019-12-19 z-processor JACKPHY</subfield>
    <subfield code="a">cd24 2019-12-19</subfield>
    <subfield code="i">cd24 2019-12-19</subfield>
    <subfield code="a">ti71 2020-01-03 to stacks</subfield>
    <subfield code="r">2020-01-03</subfield>
  </datafield>
  <datafield tag="010" ind1=" " ind2=" ">
    <subfield code="a">  2018374179</subfield>
  </datafield>
  <datafield tag="020" ind1=" " ind2=" ">
    <subfield code="a">9785808013087</subfield>
  </datafield>
  <datafield tag="035" ind1=" " ind2=" ">
    <subfield code="a">(OCoLC)on1035347223</subfield>
  </datafield>
  <datafield tag="040" ind1=" " ind2=" ">
    <subfield code="a">HLS</subfield>
    <subfield code="b">eng</subfield>
    <subfield code="c">HLS</subfield>
    <subfield code="e">rda</subfield>
    <subfield code="d">EYM</subfield>
    <subfield code="d">OCLCF</subfield>
    <subfield code="d">TEF</subfield>
    <subfield code="d">DLC</subfield>
  </datafield>
  <datafield tag="042" ind1=" " ind2=" ">
    <subfield code="a">lccopycat</subfield>
  </datafield>
  <datafield tag="043" ind1=" " ind2=" ">
    <subfield code="a">a-ai---</subfield>
  </datafield>
  <datafield tag="050" ind1="0" ind2="0">
    <subfield code="a">HB3633.32.A3</subfield>
    <subfield code="b">Z38 2017</subfield>
  </datafield>
  <datafield tag="100" ind1="1" ind2=" ">
    <subfield code="a">Zatiki︠a︡n, A. T.</subfield>
    <subfield code="q">(Alvard Tevosovna),</subfield>
    <subfield code="e">author.</subfield>
  </datafield>
  <datafield tag="245" ind1="1" ind2="0">
    <subfield code="6">880-01</subfield>
    <subfield code="a">Demograficheskie faktory sot︠s︡ialʹno-ėkonomicheskogo razvitii︠a︡ RA =</subfield>
    <subfield code="b">HH sotsʻial-tntesakan zargatsʻman zhoghovrdagrakan gortsonnerě /</subfield>
    <subfield code="c">Alvard Tevosovna Zatiki︠a︡n.</subfield>
  </datafield>
  <datafield tag="880" ind1="1" ind2="0">
    <subfield code="6">245-01</subfield>
    <subfield code="a">Демографические факторы социально-экономического развития РА =</subfield>
    <subfield code="b">ՀՀ սոցիալ-տնտեսական զարգացման ժողովրդագրական գործոնները /</subfield>
    <subfield code="c">Алвард Тевосовна Затикян.</subfield>
  </datafield>
  <datafield tag="246" ind1="3" ind2="1">
    <subfield code="6">880-02</subfield>
    <subfield code="a">HH sotsʻial-tntesakan zargatsʻman zhoghovrdagrakan gortsonnerě</subfield>
  </datafield>
  <datafield tag="880" ind1="3" ind2="1">
    <subfield code="6">246-02</subfield>
    <subfield code="a">ՀՀ սոցիալ-տնտեսական զարգացման ժողովրդագրական գործոնները</subfield>
  </datafield>
  <datafield tag="264" ind1=" " ind2="1">
    <subfield code="6">880-03</subfield>
    <subfield code="a">Erevan :</subfield>
    <subfield code="b">Izdatelʹstvo &quot;Gituti︠u︡n&quot; NAN RA,</subfield>
    <subfield code="c">2017.</subfield>
  </datafield>
  <datafield tag="880" ind1=" " ind2="1">
    <subfield code="6">264-03</subfield>
    <subfield code="a">Ереван :</subfield>
    <subfield code="b">Издательство &quot;Гитутюн&quot; НАН РА,</subfield>
    <subfield code="c">2017.</subfield>
  </datafield>
  <datafield tag="300" ind1=" " ind2=" ">
    <subfield code="a">190 pages :</subfield>
    <subfield code="b">charts ;</subfield>
    <subfield code="c">20 cm</subfield>
  </datafield>
  <datafield tag="336" ind1=" " ind2=" ">
    <subfield code="a">text</subfield>
    <subfield code="b">txt</subfield>
    <subfield code="2">rdacontent</subfield>
  </datafield>
  <datafield tag="337" ind1=" " ind2=" ">
    <subfield code="a">unmediated</subfield>
    <subfield code="b">n</subfield>
    <subfield code="2">rdamedia</subfield>
  </datafield>
  <datafield tag="338" ind1=" " ind2=" ">
    <subfield code="a">volume</subfield>
    <subfield code="b">nc</subfield>
    <subfield code="2">rdacarrier</subfield>
  </datafield>
  <datafield tag="500" ind1=" " ind2=" ">
    <subfield code="a">Parallel title from colophon.</subfield>
  </datafield>
  <datafield tag="500" ind1=" " ind2=" ">
    <subfield code="6">880-04</subfield>
    <subfield code="a">At head of title: Nat︠s︡ionalʹnai︠a︡ akademii︠a︡ nauk RA. Institut ėkonomiki im. M. Kotani︠a︡na.</subfield>
  </datafield>
  <datafield tag="880" ind1=" " ind2=" ">
    <subfield code="6">500-04</subfield>
    <subfield code="a">At head of title: Национальная академия наук РА. Институт экономики им. М. Котаняна.</subfield>
  </datafield>
  <datafield tag="504" ind1=" " ind2=" ">
    <subfield code="a">Includes bibliographical references (pages 179-183).</subfield>
  </datafield>
  <datafield tag="650" ind1=" " ind2="0">
    <subfield code="a">Armenia (Republic)</subfield>
    <subfield code="x">Population</subfield>
    <subfield code="x">Economic aspects.</subfield>
  </datafield>
  <datafield tag="710" ind1="2" ind2=" ">
    <subfield code="6">880-05</subfield>
    <subfield code="a">Hayastani Hanrapetutʻyan Gitutʻyunneri Azgayin Akademia.</subfield>
    <subfield code="b">M. Kʻotʻanyani anvan Tntesagitutʻyan Institut,</subfield>
    <subfield code="e">sponsor.</subfield>
  </datafield>
  <datafield tag="880" ind1="2" ind2=" ">
    <subfield code="6">710-05</subfield>
    <subfield code="a">Հայաստանի Հանրապետության Գիտությունների Ազգային Ակադեմիա.</subfield>
    <subfield code="b">Մ. Քոթանյանի անվան Տնտեսագիտության Ինստիտուտ,</subfield>
    <subfield code="e">sponsor.</subfield>
  </datafield>
  <datafield tag="923" ind1=" " ind2=" ">
    <subfield code="d">2018-02-04</subfield>
    <subfield code="n">2018054</subfield>
    <subfield code="s">ATC Books</subfield>
  </datafield>
</record>