
<record>
  <leader>03710cas a2200769 i 4500</leader>
  <controlfield tag="001">20485855</controlfield>
  <controlfield tag="005">20200103075652.0</controlfield>
  <controlfield tag="006">m     o  d        </controlfield>
  <controlfield tag="007">cr |||||||||||</controlfield>
  <controlfield tag="008">180507c20059999ko qr p o     0   a0eng  </controlfield>
  <datafield tag="010" ind1=" " ind2=" ">
    <subfield code="a">  2019208057</subfield>
  </datafield>
  <datafield tag="016" ind1="7" ind2=" ">
    <subfield code="a">2498324-X</subfield>
    <subfield code="2">DE-600</subfield>
  </datafield>
  <datafield tag="016" ind1="7" ind2=" ">
    <subfield code="a">015800518</subfield>
    <subfield code="2">Uk</subfield>
  </datafield>
  <datafield tag="022" ind1=" " ind2=" ">
    <subfield code="a">2092-8467</subfield>
    <subfield code="l">1738-642X</subfield>
  </datafield>
  <datafield tag="035" ind1=" " ind2=" ">
    <subfield code="a">(OCoLC)ocn519950895</subfield>
  </datafield>
  <datafield tag="040" ind1=" " ind2=" ">
    <subfield code="a">CIT</subfield>
    <subfield code="b">eng</subfield>
    <subfield code="e">rda</subfield>
    <subfield code="e">pn</subfield>
    <subfield code="c">CIT</subfield>
    <subfield code="d">HEBIS</subfield>
    <subfield code="d">OCLCQ</subfield>
    <subfield code="d">OCLCS</subfield>
    <subfield code="d">OCLCQ</subfield>
    <subfield code="d">VRC</subfield>
    <subfield code="d">UKMGB</subfield>
    <subfield code="d">OCLCQ</subfield>
    <subfield code="d">OCLCF</subfield>
    <subfield code="d">OCLCQ</subfield>
    <subfield code="d">VT2</subfield>
    <subfield code="d">Z5A</subfield>
    <subfield code="d">WY@</subfield>
    <subfield code="d">AUD</subfield>
    <subfield code="d">U3W</subfield>
    <subfield code="d">OCLCO</subfield>
    <subfield code="d">WURST</subfield>
    <subfield code="d">DLC</subfield>
  </datafield>
  <datafield tag="042" ind1=" " ind2=" ">
    <subfield code="a">pcc</subfield>
  </datafield>
  <datafield tag="050" ind1="0" ind2="0">
    <subfield code="a">RA1220.3</subfield>
  </datafield>
  <datafield tag="060" ind1="0" ind2="0">
    <subfield code="a">W1</subfield>
    <subfield code="b">MO194W</subfield>
  </datafield>
  <datafield tag="082" ind1="0" ind2="4">
    <subfield code="a">615.9</subfield>
  </datafield>
  <datafield tag="210" ind1="1" ind2=" ">
    <subfield code="a">Mol. cell. toxicol.</subfield>
    <subfield code="b">(Online)</subfield>
  </datafield>
  <datafield tag="222" ind1=" " ind2="0">
    <subfield code="a">Molecular &amp; cellular toxicology</subfield>
    <subfield code="b">(Online)</subfield>
  </datafield>
  <datafield tag="245" ind1="0" ind2="0">
    <subfield code="a">Molecular &amp; cellular toxicology.</subfield>
  </datafield>
  <datafield tag="246" ind1="1" ind2="3">
    <subfield code="a">Molecular and cellular toxicology</subfield>
  </datafield>
  <datafield tag="264" ind1=" " ind2="1">
    <subfield code="a">Seoul :</subfield>
    <subfield code="b">Korean Society of Toxicogenomics and Toxicoproteomics</subfield>
  </datafield>
  <datafield tag="310" ind1=" " ind2=" ">
    <subfield code="a">Quarterly</subfield>
  </datafield>
  <datafield tag="336" ind1=" " ind2=" ">
    <subfield code="a">text</subfield>
    <subfield code="b">txt</subfield>
    <subfield code="2">rdacontent</subfield>
  </datafield>
  <datafield tag="337" ind1=" " ind2=" ">
    <subfield code="a">computer</subfield>
    <subfield code="b">c</subfield>
    <subfield code="2">rdamedia</subfield>
  </datafield>
  <datafield tag="338" ind1=" " ind2=" ">
    <subfield code="a">online resource</subfield>
    <subfield code="b">cr</subfield>
    <subfield code="2">rdacarrier</subfield>
  </datafield>
  <datafield tag="362" ind1="1" ind2=" ">
    <subfield code="a">Began with v. 1, no. 1 (Mar. 2005).</subfield>
  </datafield>
  <datafield tag="530" ind1=" " ind2=" ">
    <subfield code="a">Also issued in print.</subfield>
  </datafield>
  <datafield tag="538" ind1=" " ind2=" ">
    <subfield code="a">Mode of access: World Wide Web.</subfield>
  </datafield>
  <datafield tag="588" ind1="0" ind2=" ">
    <subfield code="a">Volume 6, issue 1 (March 2010); tile from journal homepage (SpringerLink website, viewed December 23, 2019).</subfield>
  </datafield>
  <datafield tag="588" ind1="1" ind2=" ">
    <subfield code="a">Volume 15, issue 4 (October 2019) (SpringerLink website, viewed December 23, 2019).</subfield>
  </datafield>
  <datafield tag="650" ind1=" " ind2="0">
    <subfield code="a">Molecular toxicology</subfield>
    <subfield code="v">Periodicals.</subfield>
  </datafield>
  <datafield tag="650" ind1=" " ind2="0">
    <subfield code="a">Toxicology</subfield>
    <subfield code="v">Periodicals.</subfield>
  </datafield>
  <datafield tag="650" ind1="1" ind2="2">
    <subfield code="a">Toxicology</subfield>
    <subfield code="v">Periodicals.</subfield>
  </datafield>
  <datafield tag="650" ind1=" " ind2="7">
    <subfield code="a">Molecular toxicology.</subfield>
    <subfield code="2">fast</subfield>
    <subfield code="0">(OCoLC)fst01024862</subfield>
  </datafield>
  <datafield tag="653" ind1="0" ind2="0">
    <subfield code="a">toxicologie</subfield>
  </datafield>
  <datafield tag="653" ind1="0" ind2="0">
    <subfield code="a">toxicology</subfield>
  </datafield>
  <datafield tag="653" ind1="0" ind2="0">
    <subfield code="a">cytotoxiciteit</subfield>
  </datafield>
  <datafield tag="653" ind1="0" ind2="0">
    <subfield code="a">cytotoxicity</subfield>
  </datafield>
  <datafield tag="653" ind1="0" ind2="0">
    <subfield code="a">toxicogenomics</subfield>
  </datafield>
  <datafield tag="653" ind1="1" ind2="0">
    <subfield code="a">Toxicology (General)</subfield>
  </datafield>
  <datafield tag="653" ind1="1" ind2="0">
    <subfield code="a">Toxicologie (algemeen)</subfield>
  </datafield>
  <datafield tag="655" ind1=" " ind2="0">
    <subfield code="a">Electronic journals.</subfield>
  </datafield>
  <datafield tag="655" ind1=" " ind2="7">
    <subfield code="a">Periodicals.</subfield>
    <subfield code="2">fast</subfield>
    <subfield code="0">(OCoLC)fst01411641</subfield>
  </datafield>
  <datafield tag="710" ind1="2" ind2=" ">
    <subfield code="a">Taehan Toksŏng Yujŏn Tanbaekche Hakhoe.</subfield>
  </datafield>
  <datafield tag="776" ind1="0" ind2="8">
    <subfield code="i">Print version:</subfield>
    <subfield code="t">Molecular &amp; cellular toxicology</subfield>
    <subfield code="x">1738-642X</subfield>
    <subfield code="w">(DLC)  2009243730</subfield>
    <subfield code="w">(OCoLC)234756275</subfield>
  </datafield>
  <datafield tag="850" ind1=" " ind2=" ">
    <subfield code="a">DLC</subfield>
  </datafield>
  <datafield tag="859" ind1="4" ind2="0">
    <subfield code="u">http://www.springer.com/13273</subfield>
  </datafield>
  <datafield tag="859" ind1="4" ind2="0">
    <subfield code="u">http://rzblx1.uni-regensburg.de/ezeit/warpto.phtml?colors=7&amp;jour_id=120397</subfield>
  </datafield>
  <datafield tag="859" ind1="4" ind2="0">
    <subfield code="u">http://www.springerlink.com/content/1738-642x/</subfield>
  </datafield>
  <datafield tag="859" ind1="4" ind2="0">
    <subfield code="u">http://www.bibliothek.uni-regensburg.de/ezeit/?2498324</subfield>
    <subfield code="x">EZB</subfield>
  </datafield>
  <datafield tag="859" ind1="4" ind2="0">
    <subfield code="u">https://www.koreascience.or.kr/browse/browseresult.jsp?no=295056&amp;minyear=2005&amp;maxyear=2010&amp;subjcode=62&amp;searchtype=JSB</subfield>
    <subfield code="x">Verlag</subfield>
  </datafield>
  <datafield tag="859" ind1="4" ind2="0">
    <subfield code="u">http://link.springer.com/journal/13273</subfield>
    <subfield code="z">SpringerLINK (CAUL): 01/01/2010 to Present</subfield>
  </datafield>
  <datafield tag="859" ind1="4" ind2="0">
    <subfield code="u">https://link.springer.com/journal/volumesAndIssues/13273</subfield>
    <subfield code="z">2010 to present</subfield>
  </datafield>
  <datafield tag="859" ind1="4" ind2="0">
    <subfield code="3">Click for E-book</subfield>
    <subfield code="u">http://www.tox.or.kr/toxsoc/journal/</subfield>
  </datafield>
  <datafield tag="859" ind1="4" ind2="0">
    <subfield code="u">http://link.springer.com/openurl?genre=journal&amp;issn=1738-642X&amp;volume=</subfield>
    <subfield code="z">Full text from SpringerLINK - SHEDL: 01/01/2010 to present (Requires University Computer Account login off-campus)</subfield>
  </datafield>
  <datafield tag="859" ind1="4" ind2="0">
    <subfield code="u">http://0-link.springer.com.pugwash.lib.warwick.ac.uk/journal/13273</subfield>
    <subfield code="z">Full text available from Springer:Jisc Collections:Compact:2016-2018: 01/01/2010 to present</subfield>
  </datafield>
  <datafield tag="859" ind1="4" ind2="0">
    <subfield code="u">http://0-link.springer.com.pugwash.lib.warwick.ac.uk/openurl?genre=journal&amp;issn=1738-642X&amp;volume=</subfield>
    <subfield code="z">Full text available from SpringerLINK Contemporary (NESLi2 Option 1 Closed Consortium): 01/03/2010 to present</subfield>
  </datafield>
  <datafield tag="859" ind1="4" ind2="0">
    <subfield code="u">https://link.springer.com/journal/13273</subfield>
    <subfield code="z">2010 to present</subfield>
  </datafield>
  <datafield tag="859" ind1=" " ind2=" ">
    <subfield code="3">1850-9999</subfield>
    <subfield code="u">http://www.springer.com/gb/</subfield>
    <subfield code="x">BLDSS</subfield>
  </datafield>
  <datafield tag="906" ind1=" " ind2=" ">
    <subfield code="a">7</subfield>
    <subfield code="b">cbc</subfield>
    <subfield code="c">serasst</subfield>
    <subfield code="d">2</subfield>
    <subfield code="e">ncip</subfield>
    <subfield code="f">20</subfield>
    <subfield code="g">n-oclcserc</subfield>
  </datafield>
  <datafield tag="925" ind1="0" ind2=" ">
    <subfield code="a">acquire</subfield>
    <subfield code="e">edeposit</subfield>
    <subfield code="x">policy default</subfield>
  </datafield>
  <datafield tag="955" ind1=" " ind2=" ">
    <subfield code="a">rh00 2018-05-07</subfield>
    <subfield code="i">rh25 2019-12-23</subfield>
  </datafield>
  <datafield tag="985" ind1=" " ind2=" ">
    <subfield code="d">20180705</subfield>
    <subfield code="e">edeposit SR16681292146</subfield>
  </datafield>
</record>