
<record>
  <leader>02211cas a2200421 i 4500</leader>
  <controlfield tag="001">20485863</controlfield>
  <controlfield tag="005">20200103075654.0</controlfield>
  <controlfield tag="006">m     o  d        </controlfield>
  <controlfield tag="007">cr mnu||||||||</controlfield>
  <controlfield tag="008">180507c20119999gw fr p o     0   a0eng  </controlfield>
  <datafield tag="010" ind1=" " ind2=" ">
    <subfield code="a">  2019208058</subfield>
  </datafield>
  <datafield tag="022" ind1=" " ind2=" ">
    <subfield code="a">2194-8690</subfield>
    <subfield code="y">2194-8682</subfield>
  </datafield>
  <datafield tag="035" ind1=" " ind2=" ">
    <subfield code="a">(OCoLC)ocn962464003</subfield>
  </datafield>
  <datafield tag="040" ind1=" " ind2=" ">
    <subfield code="a">CNCGM</subfield>
    <subfield code="b">eng</subfield>
    <subfield code="e">rda</subfield>
    <subfield code="e">pn</subfield>
    <subfield code="c">CNCGM</subfield>
    <subfield code="d">OCLCQ</subfield>
    <subfield code="d">UAB</subfield>
    <subfield code="d">OCLCQ</subfield>
    <subfield code="d">DLC</subfield>
  </datafield>
  <datafield tag="042" ind1=" " ind2=" ">
    <subfield code="a">pcc</subfield>
  </datafield>
  <datafield tag="050" ind1="0" ind2="0">
    <subfield code="a">TJ795.A1</subfield>
  </datafield>
  <datafield tag="245" ind1="0" ind2="0">
    <subfield code="a">MTZ Industrial.</subfield>
  </datafield>
  <datafield tag="264" ind1=" " ind2="1">
    <subfield code="a">Weisbaden :</subfield>
    <subfield code="b">Springer Fachmedien Wiesbaden</subfield>
  </datafield>
  <datafield tag="300" ind1=" " ind2=" ">
    <subfield code="a">online resource</subfield>
  </datafield>
  <datafield tag="310" ind1=" " ind2=" ">
    <subfield code="a">Semiannual</subfield>
  </datafield>
  <datafield tag="336" ind1=" " ind2=" ">
    <subfield code="a">text</subfield>
    <subfield code="b">txt</subfield>
    <subfield code="2">rdacontent</subfield>
  </datafield>
  <datafield tag="337" ind1=" " ind2=" ">
    <subfield code="a">computer</subfield>
    <subfield code="b">c</subfield>
    <subfield code="2">rdamedia</subfield>
  </datafield>
  <datafield tag="338" ind1=" " ind2=" ">
    <subfield code="a">online resource</subfield>
    <subfield code="b">cr</subfield>
    <subfield code="2">rdacarrier</subfield>
  </datafield>
  <datafield tag="506" ind1=" " ind2=" ">
    <subfield code="a">Access restricted to authorized users and institutions.</subfield>
  </datafield>
  <datafield tag="588" ind1="0" ind2=" ">
    <subfield code="a">Volume 1, issue 1 (November 2011); title from journal information page (SpringerLink website, viewed December 23, 2019).</subfield>
  </datafield>
  <datafield tag="588" ind1="1" ind2=" ">
    <subfield code="a">Volume 8, issue 2 (August 2018) (SpringerLink website, viewed December 23, 2019).</subfield>
  </datafield>
  <datafield tag="650" ind1=" " ind2="0">
    <subfield code="a">Diesel motor</subfield>
    <subfield code="v">Periodicals.</subfield>
  </datafield>
  <datafield tag="650" ind1=" " ind2="0">
    <subfield code="a">Internal combustion engines</subfield>
    <subfield code="v">Periodicals.</subfield>
  </datafield>
  <datafield tag="650" ind1=" " ind2="0">
    <subfield code="a">Energy consumption</subfield>
    <subfield code="v">Periodicals.</subfield>
  </datafield>
  <datafield tag="776" ind1="0" ind2=" ">
    <subfield code="t">MTZ Industrial</subfield>
    <subfield code="x">2194-8682</subfield>
  </datafield>
  <datafield tag="850" ind1=" " ind2=" ">
    <subfield code="a">DLC</subfield>
  </datafield>
  <datafield tag="859" ind1="4" ind2="0">
    <subfield code="u">https://link.springer.com/journal/40353</subfield>
  </datafield>
  <datafield tag="859" ind1="4" ind2="0">
    <subfield code="3">MacEwan University Access: v.1(2011)-</subfield>
    <subfield code="u">http://resolver.lrc.macewan.ca/macewan?url%5Fver=Z39.88-2004&amp;ctx%5Fver=Z39.88-2004&amp;ctx%5Fenc=info:ofi/enc:UTF-8&amp;rfr%5Fid=info:sid/sfxit.com:opac%5F856&amp;url%5Fctx%5Ffmt=info:ofi/fmt:kev:mtx:ctx&amp;sfx.ignore%5Fdate%5Fthreshold=1&amp;rft.object%5Fid=2670000000273258&amp;svc%5Fval%5Ffmt=info:ofi/fmt:kev:mtx:sch%5Fsvc&amp;</subfield>
  </datafield>
  <datafield tag="859" ind1="4" ind2="0">
    <subfield code="3">University of Alberta Access: 2011-</subfield>
    <subfield code="u">http://resolver.library.ualberta.ca/resolver?ctx_enc=info%3Aofi%2Fenc%3AUTF-8&amp;ctx_ver=Z39.88-2004&amp;rfr_id=info%3Asid%2Fualberta.ca%3Aopac&amp;rft.genre=journal&amp;rft.object_id=2670000000273258&amp;rft.issn=2194-8682&amp;rft.eissn=2194-8690&amp;rft_val_fmt=info%3Aofi%2Ffmt%3Akev%3Amtx%3Ajournal&amp;url_ctx_fmt=info%3Aofi%2Ffmt%3Akev%3Amtx%3Actx&amp;url_ver=Z39.88-2004</subfield>
  </datafield>
  <datafield tag="906" ind1=" " ind2=" ">
    <subfield code="a">7</subfield>
    <subfield code="b">cbc</subfield>
    <subfield code="c">serasst</subfield>
    <subfield code="d">2</subfield>
    <subfield code="e">ncip</subfield>
    <subfield code="f">20</subfield>
    <subfield code="g">n-oclcserc</subfield>
  </datafield>
  <datafield tag="925" ind1="0" ind2=" ">
    <subfield code="a">acquire</subfield>
    <subfield code="e">edeposit</subfield>
    <subfield code="x">policy default</subfield>
  </datafield>
  <datafield tag="955" ind1=" " ind2=" ">
    <subfield code="a">rh00 2018-05-07</subfield>
    <subfield code="i">rh25 2019-12-23</subfield>
  </datafield>
  <datafield tag="985" ind1=" " ind2=" ">
    <subfield code="d">20180705</subfield>
    <subfield code="e">edeposit SR16681514682</subfield>
  </datafield>
</record>