
<record>
  <leader>03209cam a2200469 i 4500</leader>
  <controlfield tag="001">20491094</controlfield>
  <controlfield tag="005">20200103085721.0</controlfield>
  <controlfield tag="008">180510s2018    nyu           000 1 eng d</controlfield>
  <datafield tag="906" ind1=" " ind2=" ">
    <subfield code="a">7</subfield>
    <subfield code="b">cbc</subfield>
    <subfield code="c">copycat</subfield>
    <subfield code="d">2</subfield>
    <subfield code="e">ncip</subfield>
    <subfield code="f">20</subfield>
    <subfield code="g">y-gencatlg</subfield>
  </datafield>
  <datafield tag="925" ind1="0" ind2=" ">
    <subfield code="a">acquire</subfield>
    <subfield code="b">1 shelf copy</subfield>
    <subfield code="x">policy default</subfield>
  </datafield>
  <datafield tag="955" ind1=" " ind2=" ">
    <subfield code="a">pc25 2018-05-10</subfield>
    <subfield code="a">xk58 2018-12-18 z-processor to USPRLL</subfield>
    <subfield code="b">xk06 2019-01-03 z-processor</subfield>
    <subfield code="i">xk36 2019-08-01 to CALM</subfield>
  </datafield>
  <datafield tag="010" ind1=" " ind2=" ">
    <subfield code="a">  2018944166</subfield>
  </datafield>
  <datafield tag="020" ind1=" " ind2=" ">
    <subfield code="a">9781496719621</subfield>
    <subfield code="q">(hardcover)</subfield>
  </datafield>
  <datafield tag="020" ind1=" " ind2=" ">
    <subfield code="a">149671962X</subfield>
    <subfield code="q">(hardcover)</subfield>
  </datafield>
  <datafield tag="020" ind1=" " ind2=" ">
    <subfield code="z">9781496719652</subfield>
    <subfield code="q">(eISBN)</subfield>
  </datafield>
  <datafield tag="020" ind1=" " ind2=" ">
    <subfield code="z">1496719654</subfield>
    <subfield code="q">(eISBN)</subfield>
  </datafield>
  <datafield tag="035" ind1=" " ind2=" ">
    <subfield code="a">(OCoLC)on1022198398</subfield>
  </datafield>
  <datafield tag="040" ind1=" " ind2=" ">
    <subfield code="a">YDX</subfield>
    <subfield code="b">eng</subfield>
    <subfield code="c">YDX</subfield>
    <subfield code="e">rda</subfield>
    <subfield code="d">BDX</subfield>
    <subfield code="d">GO9</subfield>
    <subfield code="d">IEB</subfield>
    <subfield code="d">ABJ</subfield>
    <subfield code="d">GZG</subfield>
    <subfield code="d">D9M</subfield>
    <subfield code="d">OCLCF</subfield>
    <subfield code="d">ILC</subfield>
    <subfield code="d">OCLCQ</subfield>
    <subfield code="d">OCLCO</subfield>
    <subfield code="d">IGA</subfield>
    <subfield code="d">IUK</subfield>
    <subfield code="d">DLC</subfield>
  </datafield>
  <datafield tag="042" ind1=" " ind2=" ">
    <subfield code="a">lccopycat</subfield>
  </datafield>
  <datafield tag="050" ind1="0" ind2="0">
    <subfield code="a">PS3602.E7646</subfield>
    <subfield code="b">S43 2018</subfield>
  </datafield>
  <datafield tag="082" ind1="0" ind2="4">
    <subfield code="a">813/.6</subfield>
    <subfield code="2">23</subfield>
  </datafield>
  <datafield tag="100" ind1="1" ind2=" ">
    <subfield code="a">Berry, Tamara,</subfield>
    <subfield code="e">author.</subfield>
  </datafield>
  <datafield tag="245" ind1="1" ind2="0">
    <subfield code="a">Séances are for suckers /</subfield>
    <subfield code="c">Tamara Berry.</subfield>
  </datafield>
  <datafield tag="250" ind1=" " ind2=" ">
    <subfield code="a">First Kensington hardcover edition.</subfield>
  </datafield>
  <datafield tag="264" ind1=" " ind2="1">
    <subfield code="a">New York, NY :</subfield>
    <subfield code="b">Kensington Books,</subfield>
    <subfield code="c">2018.</subfield>
  </datafield>
  <datafield tag="300" ind1=" " ind2=" ">
    <subfield code="a">296 pages ;</subfield>
    <subfield code="c">22 cm.</subfield>
  </datafield>
  <datafield tag="336" ind1=" " ind2=" ">
    <subfield code="a">text</subfield>
    <subfield code="b">txt</subfield>
    <subfield code="2">rdacontent</subfield>
  </datafield>
  <datafield tag="337" ind1=" " ind2=" ">
    <subfield code="a">unmediated</subfield>
    <subfield code="b">n</subfield>
    <subfield code="2">rdamedia</subfield>
  </datafield>
  <datafield tag="338" ind1=" " ind2=" ">
    <subfield code="a">volume</subfield>
    <subfield code="b">nc</subfield>
    <subfield code="2">rdacarrier</subfield>
  </datafield>
  <datafield tag="490" ind1="1" ind2=" ">
    <subfield code="a">An Eleanor Wilde mystery</subfield>
  </datafield>
  <datafield tag="520" ind1=" " ind2=" ">
    <subfield code="a">&quot;Ellie has an ailing sister to care for, and working as a ghost hunter who doesn&apos;t believe in ghosts helps cover the bills for both of them. When she&apos;s lucky, it also pays for the occasional tropical vacation. Her brother doesn&apos;t exactly approve, but Ellie figures she&apos;s providing a service. On her latest job, though, she may be in for some genuine scares. The skeptical, reserved, and very rich Nicholas Hartford III has flown her all the way to his family&apos;s ancestral estate in England -- supposedly haunted by a phantom named Xavier. Nicholas thinks it&apos;s all just as much a crock as Ellie&apos;s business is, but the fact remains that something is causing the flashes of light, mysterious accidents, and other apparent pranks in the chilly, eerie castle. His mother is sure that Xavier is real, and he&apos;s willing to employ Ellie if she can get to the bottom of it and put a stop to the nonsense. While the food and accommodations are somewhat disappointing (dorm-room furniture? Really?), Ellis is finding it an adventure to get to know this eccentric family and their house guests, and to poke around in the nearby village for clues. But when an actual dead body appears -- and subsequently disappears -- at Castle Hartford, she&apos;ll have to apply her talent for trickery and psychological insight to solve a flesh-and-blood murder.&quot;--</subfield>
    <subfield code="c">From publisher&apos;s description.</subfield>
  </datafield>
  <datafield tag="650" ind1=" " ind2="7">
    <subfield code="a">FICTION / Mystery &amp; Detective / Amateur Sleuth.</subfield>
    <subfield code="2">bisacsh</subfield>
  </datafield>
  <datafield tag="650" ind1=" " ind2="7">
    <subfield code="a">FICTION / Mystery &amp; Detective / Women Sleuths.</subfield>
    <subfield code="2">bisacsh</subfield>
  </datafield>
  <datafield tag="650" ind1=" " ind2="7">
    <subfield code="a">FICTION / Women.</subfield>
    <subfield code="2">bisacsh</subfield>
  </datafield>
  <datafield tag="650" ind1=" " ind2="7">
    <subfield code="a">Haunted castles.</subfield>
    <subfield code="2">fast</subfield>
    <subfield code="0">(OCoLC)fst00951923</subfield>
  </datafield>
  <datafield tag="650" ind1=" " ind2="7">
    <subfield code="a">Murder</subfield>
    <subfield code="x">Investigation.</subfield>
    <subfield code="2">fast</subfield>
    <subfield code="0">(OCoLC)fst01029788</subfield>
  </datafield>
  <datafield tag="650" ind1=" " ind2="7">
    <subfield code="a">Women mediums.</subfield>
    <subfield code="2">fast</subfield>
    <subfield code="0">(OCoLC)fst01178140</subfield>
  </datafield>
  <datafield tag="655" ind1=" " ind2="7">
    <subfield code="a">Detective and mystery fiction.</subfield>
    <subfield code="2">fast</subfield>
    <subfield code="0">(OCoLC)fst01726581</subfield>
  </datafield>
  <datafield tag="655" ind1=" " ind2="7">
    <subfield code="a">Fiction.</subfield>
    <subfield code="2">fast</subfield>
    <subfield code="0">(OCoLC)fst01423787</subfield>
  </datafield>
  <datafield tag="655" ind1=" " ind2="7">
    <subfield code="a">Mystery fiction.</subfield>
    <subfield code="2">gsafd</subfield>
  </datafield>
  <datafield tag="655" ind1=" " ind2="7">
    <subfield code="a">Detective and mystery fiction.</subfield>
    <subfield code="2">lcgft</subfield>
  </datafield>
  <datafield tag="800" ind1="1" ind2=" ">
    <subfield code="a">Berry, Tamara.</subfield>
    <subfield code="t">Eleanor Wilde mystery.</subfield>
  </datafield>
</record>