
<record>
  <leader>01701cam a22003137i 4500</leader>
  <controlfield tag="001">20493959</controlfield>
  <controlfield tag="005">20200103151315.0</controlfield>
  <controlfield tag="008">171116s2016    is            000 0 hebo </controlfield>
  <datafield tag="906" ind1=" " ind2=" ">
    <subfield code="a">0</subfield>
    <subfield code="b">ibc</subfield>
    <subfield code="c">origres</subfield>
    <subfield code="d">2</subfield>
    <subfield code="e">ncip</subfield>
    <subfield code="f">20</subfield>
    <subfield code="g">y-nonroman</subfield>
  </datafield>
  <datafield tag="925" ind1="0" ind2=" ">
    <subfield code="a">acquire</subfield>
    <subfield code="b">1 shelf copy</subfield>
    <subfield code="x">policy default</subfield>
  </datafield>
  <datafield tag="955" ind1=" " ind2=" ">
    <subfield code="a">ve01 2018-05-11;</subfield>
    <subfield code="b">cd23 2018-08-15 added LCCN and Holding and Item records</subfield>
    <subfield code="a">cd00 2018-08-15 to ASME/IJ</subfield>
  </datafield>
  <datafield tag="010" ind1=" " ind2=" ">
    <subfield code="a">  2018416352</subfield>
  </datafield>
  <datafield tag="035" ind1=" " ind2=" ">
    <subfield code="a">(IsJeAIW)wb2018426177</subfield>
  </datafield>
  <datafield tag="040" ind1=" " ind2=" ">
    <subfield code="a">DLC</subfield>
    <subfield code="b">eng</subfield>
    <subfield code="c">DLC</subfield>
    <subfield code="e">rda</subfield>
  </datafield>
  <datafield tag="066" ind1=" " ind2=" ">
    <subfield code="c">(2</subfield>
  </datafield>
  <datafield tag="245" ind1="0" ind2="0">
    <subfield code="6">880-01</subfield>
    <subfield code="a">U-mesarah li-Yehoshuʻa /</subfield>
    <subfield code="c">nilḳaṭ ṿe-neʻerakh ʻal-yede: Yehoshuʻa Hrtman.</subfield>
  </datafield>
  <datafield tag="880" ind1="0" ind2="0">
    <subfield code="6">245-01/(2/r</subfield>
    <subfield code="a">ומסרה ליהושע :</subfield>
    <subfield code="b">ביאורים הנוגעים לדברי המהר״ל מפראג מתוך משא ומתן של תורה בין מורינו משה שפירא לתלמידו יהושע דוד הרטמן כפי שהובאו בהערותיו לספרי המהר״ל /</subfield>
    <subfield code="c">נלקט ונערך ע״י יהושע הרטמן.</subfield>
  </datafield>
  <datafield tag="880" ind1=" " ind2=" ">
    <subfield code="6">260-02/(2/r</subfield>
    <subfield code="a">ירושלים :</subfield>
    <subfield code="b">מכון ירושלים,</subfield>
    <subfield code="c">תשע״ז.</subfield>
  </datafield>
  <datafield tag="264" ind1=" " ind2="1">
    <subfield code="6">880-02</subfield>
    <subfield code="a">Yerushalayim :</subfield>
    <subfield code="b">Mekhon Yerushalayim,</subfield>
    <subfield code="c">777 [2016 or 2017]</subfield>
  </datafield>
  <datafield tag="300" ind1=" " ind2=" ">
    <subfield code="a">342 pages ;</subfield>
    <subfield code="c">25 cm</subfield>
  </datafield>
  <datafield tag="336" ind1=" " ind2=" ">
    <subfield code="a">text</subfield>
    <subfield code="b">txt</subfield>
    <subfield code="2">rdacontent</subfield>
  </datafield>
  <datafield tag="337" ind1=" " ind2=" ">
    <subfield code="a">unmediated</subfield>
    <subfield code="b">n</subfield>
    <subfield code="2">rdamedia</subfield>
  </datafield>
  <datafield tag="338" ind1=" " ind2=" ">
    <subfield code="a">volume</subfield>
    <subfield code="b">nc</subfield>
    <subfield code="2">rdacarrier</subfield>
  </datafield>
  <datafield tag="520" ind1=" " ind2=" ">
    <subfield code="a">biʼurho ha-nofʻim le-divre maʼor ʻenenu ha-maharl mi-prag mitokh mśa u-matan shel torah ben morenu Mosheh Shapira zatsal le-talmido rabi Yehoshuʻa Daṿid Harṭman kefi she-huvʼu be-heʻarotaṿ le-sifre hamaharal.</subfield>
  </datafield>
  <datafield tag="700" ind1="1" ind2=" ">
    <subfield code="a">Harṭman, Yehoshuʻa Daṿid ben Yeḥezḳel.</subfield>
  </datafield>
  <datafield tag="700" ind1="1" ind2=" ">
    <subfield code="a">Shapira, Mosheh.</subfield>
  </datafield>
  <datafield tag="752" ind1=" " ind2=" ">
    <subfield code="a">Israel</subfield>
    <subfield code="d">Jerusalem.</subfield>
  </datafield>
  <datafield tag="923" ind1=" " ind2=" ">
    <subfield code="d">20180411</subfield>
    <subfield code="n">30694</subfield>
    <subfield code="s">IsJeAIW</subfield>
  </datafield>
  <datafield tag="985" ind1=" " ind2=" ">
    <subfield code="e">VENDOR LOAD</subfield>
  </datafield>
</record>